2210 3568
1231 223 1289 268 78

471 353 545 399 Sic
590 363 734 398 tamen
781 365 870 397 non
916 353 1206 410 intelligimus,
1255 366 1335 398 cur
1379 356 1570 411 primum
1601 356 1861 422 indicativus
1889 357 2108 413 sequitat,
2172 347 2210 423 -J

411 425 568 470 deinde
614 425 918 468 coniunctivus
962 423 1094 479 sciat,
1138 429 1306 480 arguat
1351 425 1619 470 adhibeatur.
1693 425 1980 484 Quapropter
2023 440 2109 486 ego

409 495 529 539 sciat
558 505 600 539 et
630 498 796 549 arguat
819 505 966 539 verto:
990 505 1081 539 tum
1103 507 1257 540 canem
1281 497 1394 540 bene
1416 497 1776 541 condocefactum
1795 498 1914 542 scire
1933 502 2111 554 oportet

410 575 452 610 et
491 565 642 621 signis
674 565 875 609 indicare
906 564 1046 609 feram
1078 578 1218 622 prope
1251 578 1361 611 esse.
1429 566 1569 612 Modo
1599 569 1716 612 enim
1749 570 1984 624 praecessit
2017 582 2108 614 vox
2187 625 2194 632 .

410 637 496 691 lex,
543 648 654 692 quae
702 648 782 693 per
828 636 1080 692 complures
1128 649 1287 682 versus
1333 639 1375 681 in
1409 649 1564 694 poetae
1595 648 1740 683 mente
1771 640 1933 684 haeret.
1996 638 2108 686 Tres

387 719 568 751 ·versus
614 708 687 763 qui
732 716 976 763 sequuntur
1019 719 1119 752 cum
1168 707 1391 765 Postgatio
1439 710 1551 753 inter
1591 710 1877 766 parentheses
1916 711 2107 767 ponendi

409 787 531 822 sunt:
564 779 617 822 iis
647 779 764 821 enim
796 787 924 834 poeta
955 778 1095 822 fusius
1126 779 1268 833 docet,
1301 781 1459 835 quibus
1490 781 1625 836 signis
1657 783 1776 825 canis
1806 782 1866 826 uti
1897 781 2047 826 soleat.

469 847 517 893 Si
549 849 692 893 locum
725 850 787 892 sic
817 850 1168 905 interpretamur,
1201 850 1387 894 fortasse
1418 853 1548 895 etiam
1581 852 1766 896 verbum
1797 852 2013 896 admonet
2046 851 2107 910 (v.

408 918 514 977 243)
544 920 720 964 defendi
751 929 914 976 potest;
953 921 1198 965 subiectum
1230 922 1346 965 enim
1379 922 1672 978 supplendum
1704 931 1769 966 est
1800 935 1829 966 e
1855 935 1991 968 versu
2019 922 2100 967 231

408 991 482 1034 lex
527 990 783 1048 (Postgate).
846 990 892 1035 Si
934 992 1002 1035 cui
1045 991 1128 1035 hoc
1175 992 1327 1036 durius
1375 993 1560 1047 videtur,
1603 993 1781 1047 suadeo,
1814 1003 1861 1037 ut
1906 1005 1989 1050 pro
2028 994 2107 1039 ad-

410 1065 560 1106 monet
589 1062 703 1118 legat
732 1062 971 1116 admoneo,
1004 1072 1050 1106 ut
1083 1075 1123 1106 v.
1156 1062 1257 1107 378.
1293 1063 1440 1107 Verba
1472 1067 1517 1107 et
1546 1067 1700 1107 tamen
1715 1076 1882 1108 novum
1899 1076 2108 1121 praecep-

409 1141 500 1176 tum
542 1133 761 1188 prioribus
807 1133 991 1186 addunt;
1038 1146 1076 1177 e.
1110 1143 1137 1177 t.
1171 1154 1226 1170 =
1259 1143 1300 1178 et
1332 1143 1558 1190 praeterea
1589 1134 1642 1178 cf.
1680 1133 1826 1178 Cicer.
1859 1134 1915 1179 de
1943 1144 2106 1179 senect.

414 1202 467 1246 16
511 1202 700 1261 (Appius
749 1202 979 1261 Claudius)
1024 1215 1116 1248 non
1162 1204 1388 1248 dubitavit
1432 1205 1581 1249 dicere
1628 1205 1721 1259 illa,
1754 1217 1871 1260 quae
1900 1205 2108 1250 versibus

404 1277 671 1329 persecatus
702 1277 774 1317 est
804 1274 1009 1318 Ennius:

436 1335 437 1338 '
644 1356 733 1400 quo
763 1345 893 1389 vobis
925 1349 1112 1399 mentes,
1145 1349 1295 1390 rectae
1327 1358 1452 1402 quae.
1475 1349 1600 1390 stare
1629 1346 1839 1390 solebant
1868 1377 1870 1380 ψ

642 1416 848 1471 antehac,
881 1416 1116 1460 dementes
1146 1428 1253 1460 sese
1276 1416 1454 1473 flexere
1484 1417 1617 1461 viai?

406 1489 644 1541 ceteraque
670 1486 977 1541 gravissime&
1008 1491 1165 1531 notum
1197 1488 1320 1532 enim
1353 1489 1484 1532 vobis
1505 1500 1687 1532 carmen
1708 1491 1800 1541 est,·
1829 1491 1882 1532 et
1913 1491 2106 1533 tamen

406 1556 480 1614 (=
526 1566 568 1600 et
614 1556 858 1614 praeterea)
905 1557 1054 1612 ipsius
1102 1558 1243 1613 Appii
1287 1563 1440 1603 exstat
1486 1559 1647 1614 oratio,
1696 1560 1795 1603 vide
1827 1559 1962 1614 locos,
1994 1571 2106 1616 quos

406 1628 576 1684 collegit
608 1641 650 1671 v.
684 1628 724 1672 d.
762 1627 936 1673 Gustav
971 1629 1207 1683 Friedrich,
1245 1629 1407 1674 Catulli
1427 1631 1702 1674 Veronensis
1719 1630 1827 1674 liber
1847 1643 1890 1687 p.
1908 1629 1996 1674 473
2010 1643 2104 1688 sqq.

466 1699 700 1742 occultos
745 1700 798 1742 et
844 1699 1014 1754 signis
1060 1701 1254 1754 arguat
1299 1700 1505 1745 hostes:
1549 1701 1601 1746 cf.
1651 1701 1760 1745 Poll.
1813 1701 1865 1745 V.
1911 1700 2104 1744 61:25221

405 1770 523 1821 ἐγγὺς
554 1765 582 1823 ᾗ
611 1777 682 1822 τῆς
698 1768 958 1823 ἀνευρέσεως,
986 1771 1300 1825 ὑποσημαίνειν,
1324 1772 1581 1827 κατανεύειν,
1603 1769 1857 1825 ὑποδηλοῦν,
1878 1770 2104 1826 &cadulum

405 1848 460 1895 τῇ
499 1848 606 1896 χαρᾷ
652 1848 723 1893 τῆς
772 1848 919 1895 ψυχῆς,
966 1849 1026 1897 τῷ
1063 1841 1282 1895 πηδήματι
1329 1849 1404 1883 τοῦ
1440 1843 1642 1896 σώματος,
1674 1850 1727 1897 τῇ
1757 1841 1999 1897 φαιδρότητι
2029 1850 2104 1884 τοῦ

404 1911 642 1966 προσώπου,
674 1919 726 1965 τῇ
756 1910 1015 1966 λαμπρότητι
1047 1920 1131 1953 τῶν
1164 1911 1420 1966 ὀφθαλμῶν,
1442 1921 1495 1967 τῇ
1514 1911 1759 1966 μεταλλάξει
1780 1921 1864 1954 τῶν
1886 1915 2100 1967 ὀμμάτων,

405 1990 489 2029 τοῖς
533 1980 825 2038 ἀναβλέμμασι
870 1990 942 2036 τῆς
989 1983 1136 2037 ὄψεως,
1183 1991 1267 2031 τοῖς
1315 1983 1532 2038 πηδήμασι
1569 1992 1641 2037 τῆς
1671 1982 1850 2036 ἐλπίδος,
1881 1992 1934 2039 τῇ
1963 1987 2102 2043 στάσει

405 2060 489 2093 τῶν
522 2052 657 2104 ὤτων,
689 2060 747 2109 τῷ
778 2061 930 2110 σεισμῷ
961 2061 1033 2107 τῆς
1065 2055 1202 2109 οὐρᾶς,
1235 2062 1294 2110 τῷ
1327 2056 1373 2095 τὸ
1405 2062 1524 2108 σῶμα
1561 2063 1650 2095 πᾶν
1681 2054 1998 2109 ἐπικραδαίνειν.
2078 2043 2080 2046 ⁸

461 2123 562 2167 237.
580 2123 687 2167 levi
703 2125 934 2167 testatur
950 2125 1146 2179 gaudia
1163 2125 1358 2170 cauda:
1389 2124 1440 2168 cf
1467 2124 1539 2168 Ps.
1564 2124 1765 2181 Xenoph.
1792 2122 2027 2182 Cyneg.6,
2051 2124 2103 2168 16

405 2193 573 2235 ἐπειδὰν
606 2193 647 2235 δὲ
678 2196 769 2249 περὶ
800 2197 873 2235 τὸν
905 2193 1022 2247 λαγῶ
1054 2191 1141 2248 ὦσι,
1165 2194 1291 2249 δῆλον
1328 2196 1542 2248 ποιήσουσι
1574 2203 1633 2251 τῷ
1664 2193 1866 2250 κυνηγέτῃ
1898 2197 1975 2237 σύν
2006 2203 2099 2243 ταῖς

405 2265 546 2319 οὐραῖς
577 2266 630 2306 τὰ
661 2265 837 2318 σώματα
868 2264 946 2306 ὅλα
977 2266 1442 2321 συνεπικραδαίνουσαι.

462 2405 562 2450 238.
626 2408 719 2450 aut
748 2408 869 2461 ipsa
898 2406 1162 2451 infodiens
1194 2408 1345 2451 uncis
1376 2407 1609 2463 vestigia
1636 2406 1863 2461 plantis:
1883 2407 2102 2464 unguibus

403 2486 565 2521 terram
597 2479 721 2521 eruit.
760 2477 890 2530 „Hoc
921 2480 1065 2534 quivis
1086 2479 1179 2522 fere
1201 2480 1376 2533 canes,”
1399 2480 1535 2535 inquit
1558 2478 1727 2532 Vlitius,
1754 2478 1925 2535 „facere
1944 2478 2100 2530 solent,

405 2561 504 2593 cum
536 2549 743 2605 praedam
776 2550 1074 2593 suboluerunt.
1111 2549 1266 2605 Quare
1299 2551 1435 2594 miror
1466 2550 1550 2594 hoc
1566 2551 1738 2606 signum
1760 2561 1785 2592 a
1807 2548 2100 2605 Xenophonte

404 2620 582 2674 aliisque
620 2620 824 2663 omnibus
855 2621 1213 2675 praetermissum
1245 2621 1387 2663 esse.’'
1425 2618 1496 2663 Cf.
1532 2619 1694 2675 Vergil.
1731 2617 1899 2672 Georg.
1935 2618 2010 2672 111,
2041 2617 2099 2662 87

404 2690 459 2734 de
500 2701 642 2744 equo:
684 2693 818 2733 cavat
854 2690 1060 2733 tellurem
1070 2703 1086 2742 ,·
1115 2691 1170 2733 ib.
1204 2690 1290 2734 535
1324 2690 1552 2745 unguibus
1585 2688 1897 2744 infodiunt
1917 2687 2097 2745 fruges.

463 2761 692 2815 vestigia
737 2760 963 2814 plantis:
1008 2761 1124 2804 idern
1171 2760 1263 2804 fere
1312 2773 1468 2805 versus
1510 2759 1605 2803 finis
1650 2759 1762 2803 infra
1792 2758 1881 2802 276
1910 2767 1952 2802 et
1982 2758 2097 2815 apud

406 2830 540 2876 Ovid.
590 2830 700 2874 Fast.
752 2830 828 2882 lV,
874 2830 961 2874 463
1003 2831 1110 2874 inde
1147 2832 1373 2885 puellaris
1405 2835 1540 2875 nacta
1571 2833 1641 2873 est
1671 2829 1868 2885 vestigia
1895 2829 2097 2884 plantae,

402 2912 445 2946 et
490 2902 604 2958 apud
639 2901 865 2945 Manilium
901 2902 932 2953 1,
963 2901 1049 2944 657
1080 2902 1165 2944 sed
1196 2913 1480 2957 quacumque
1510 2912 1655 2956 vagae
1686 2900 1871 2944 tulerint
1901 2899 2099 2954 vestigia

401 2974 602 3027 plantae,
646 2972 720 3027 lV,
763 2972 842 3015 631
881 2971 1147 3016 Sardiniam
1181 2972 1228 3015 in
1262 2972 1423 3027 Libyco
1452 2972 1641 3027 signant
1669 2970 1866 3025 vestigia
1895 2970 2097 3025 plantae.

460 3113 560 3158 239.
623 3114 830 3157 mandit
860 3113 1107 3158 humum:
1137 3115 1231 3157 eius
1262 3126 1312 3157 os
1344 3123 1570 3170 tantopere
1603 3122 1744 3157 terrae
1764 3098 2097 3168 appropinquat,
