2210 3568
947 231 1007 276 95

59 373 122 426 ;
178 359 281 407 320.
314 374 348 407 ο
392 364 658 418 quantum
705 363 760 406 et
805 361 1080 417 quotiens:
1125 363 1181 406 cf
1231 362 1321 408 Ov
1371 362 1501 408 Trist.
1552 363 1626 408 111.
1682 364 1746 408 12
1778 365 1837 410 25

62 437 97 474 1*
107 442 151 483 ο
191 436 416 489 quantam
452 436 497 478 et
534 433 751 489 quotiens
789 445 882 478 non
918 437 990 477 est
1035 445 1278 478 numerare
1308 434 1493 479 beatam
1523 439 1544 490 s
1574 447 1667 480 non
1700 435 1847 480 inter-*

44 531 47 535 ,
73 500 246 555 ἀέσαι
274 504 352 549 cai
379 503 485 548 licet
515 505 626 550 arbe
647 503 768 561 frui,
787 506 861 549 ubi
895 504 1037 550 Owen
1067 506 1164 549 iure
1195 518 1279 551 suo
1311 506 1630 565 quantam(sic
1653 507 1692 551 A
1714 507 1757 551 Η
1781 507 1836 562 V,

44 581 91 638 «ᾖ.
120 573 225 620 vide
251 573 430 620 Owenii
461 575 717 634 editionem)
747 577 925 632 recepit,
959 588 1060 620 cum
1094 577 1216 620 multi
1248 586 1348 621 ante
1373 589 1476 621 eum
1495 581 1660 633 quater
1677 578 1838 623 edidis-

118 655 244 702 sunu
280 645 342 693 cf.
392 645 641 691 Namatian.
692 646 724 690 1.
767 647 796 690 5
837 658 866 691 ο
912 650 1136 702 quantum
1181 647 1261 705 (sic
1309 649 1503 707 codices)
1540 653 1585 694 et
1623 650 1836 705 quotiens

106 726 311 773 ¹possam
354 728 598 762 numerare
643 717 803 762 beatos
834 722 853 772 s
885 718 1018 762 nasci
1050 717 1189 774 felici
1229 719 1309 774 qai
1349 731 1554 764 meruere
1583 721 1685 766 solo
1697 720 1728 774 l,
1762 723 1836 765 ubi

49 800 72 823 -’
120 784 422 835 Baehrensius
462 789 618 832 iniuria
660 787 832 833 Heinsii
874 790 1173 834 coniecturam
1217 793 1401 845 quater¹
1423 803 1505 848 pro
1537 795 1760 847 quantam
1792 794 1835 836 in

118 867 242 904 textu
273 860 435 916 posuit.

34 931 56 990 f
142 973 150 978 ..
176 929 462 978 ὑπατεῖαι
507 943 569 976 sc.
616 942 682 985 es,
733 929 818 976 Gr.
866 930 1082 987 (ἐπέτυχες,
1115 932 1330 976 aberrasti
1361 933 1415 976 ab
1447 934 1626 989 antiquo
1659 944 1833 990 patrum

44 1006 54 1042 f
118 1010 298 1050 tuorum
330 1002 513 1059 decore3
553 1004 775 1060 genitivus
810 1001 1029 1058 Graecus,
1072 1003 1127 1048 cf.
1160 1003 1369 1060 Aeschyl.
1405 1003 1529 1048 Pers.
1563 1004 1652 1049 478
1683 1006 1738 1053 ὡς
1771 1005 1837 1060 ἄρ’

42 1104 46 1141 5
119 1072 492 1129 ἔψευσας,φρενῶν
521 1077 540 1128 s
572 1075 741 1129 Πέρσας
771 1084 815 1119 et
849 1073 1303 1132 Kiihner-Stegmann
1338 1075 1392 1119 II.
1433 1077 1465 1120 1.
1501 1089 1541 1133 p.
1576 1076 1678 1123 474.

175 1251 277 1297 321.
312 1251 576 1298 Camillis:
623 1254 684 1298 M.
734 1254 904 1299 Furias
952 1254 1178 1299 Camillus
1227 1254 1364 1298 Veios
1407 1256 1521 1310 vicit,
1558 1255 1836 1311 Romamque

37 1341 41 1388 '.
105 1333 219 1383 ,post
263 1324 482 1382 proelium
514 1324 709 1370 Alliense
741 1328 960 1381 servavit;
993 1327 1123 1370 etiam
1161 1325 1377 1370 Horatius
1408 1328 1503 1371 eius
1534 1336 1836 1384 paupertatem

30 1403 43 1438 .·2
117 1389 290 1452 laudat‚‘
333 1395 389 1441 cf.
424 1395 580 1441 Carm.
613 1396 645 1441 I.
686 1396 749 1441 12.
783 1397 843 1441 42
873 1398 994 1442 hanc
1024 1401 1067 1441 et
1102 1397 1346 1453 incomptis
1382 1395 1572 1443 Cariam
1603 1395 1786 1451 capillis
1816 1398 1836 1449 s

118 1467 278 1512 utilem
306 1467 424 1513 bello
455 1468 562 1512 tulit
592 1472 637 1512 et
671 1467 916 1513 Camillam
946 1477 965 1523 s
996 1480 1142 1513 saeva
1169 1472 1428 1524 paupertas
1450 1471 1495 1512 et
1515 1467 1672 1512 avitas
1698 1470 1836 1518 artos

27 1556 35 1579 f
117 1549 221 1584 cam
251 1538 351 1584 lare
373 1537 574 1597 fundas

30 1602 41 1615 ”
181 1608 372 1655 Pluralis
412 1623 496 1676 pro
528 1611 739 1668 singulari
770 1611 1015 1666 adhibetur,
1048 1611 1103 1656 cf.
1140 1610 1255 1656 I-Ior.
1281 1611 1418 1668 Epist.
1456 1611 1487 1655 1.
1526 1611 1560 1654 l.
1593 1610 1651 1654 64
1673 1609 1837 1668 (nenia)

34 1672 51 1743 ’χ
118 1684 166 1726 et
196 1681 403 1727 marthus
436 1673 591 1727 Curiis
622 1686 668 1726 et
697 1683 947 1727 decantata
981 1682 1207 1727 Camillis.

175 1859 279 1906 322.
325 1861 416 1917 qui
446 1861 546 1906 tibi
576 1862 752 1907 cultus
784 1864 902 1907 erat
934 1864 1058 1918 post
1089 1864 1187 1915 tot,
1222 1861 1472 1916 Serrane,
1510 1861 1835 1916 triumphos:

118 1932 211 1978 Pro
243 1934 392 1979 verbis
418 1937 529 1990 post
558 1938 626 1979 tot
658 1934 698 1978 Α
731 1935 862 1979 habet
888 1938 1059 1990 postot‚
1094 1934 1214 1991 quod
1246 1934 1435 1978 fortasse
1457 1943 1720 1991 argumento
1735 1945 1836 1977 esse

35 1995 42 1999 ’
117 2005 255 2062 possit
299 2006 445 2062 ipsum
497 2004 720 2051 Grattium
768 2007 1000 2063 scripsisse
1041 2018 1132 2062 pos
1179 2009 1260 2058 tot,
1308 2005 1521 2058 Serrane,
1562 2004 1837 2061 triumphos²

25 2107 30 2115 .-
117 2075 171 2121 cf.
207 2074 356 2121 CIL.
396 2077 430 2120 1.
470 2077 582 2121 1454
609 2089 699 2133 pos
730 2081 927 2134 tempas,
959 2079 999 2122 5.
1034 2077 1154 2122 4056
1180 2090 1270 2133 pos
1300 2077 1535 2133 templum,
1559 2075 1694 2134 Verg.
1721 2074 1833 2120 Aen.

22 2159 45 2179 v'
119 2146 194 2192 III.
257 2149 271 2192 1
334 2149 404 2193 ed.
459 2148 659 2194 Ribbeck
703 2161 946 2205 posquam.
994 2149 1161 2202 ,‚Pos'’,
1210 2151 1347 2206 inquit
1395 2150 1463 2193 vir
1509 2149 1667 2192 doctus
1700 2146 1834 2201 Stolz,

26 2248 35 2282 t
115 2218 302 2290 (μετείῃ.
346 2218 595 2264 Grammat.
641 2220 827 2265 Miillers
873 2220 1067 2275 Handb.,
1110 2234 1151 2278 p.
1193 2220 1291 2279 158)
1327 2222 1395 2275 „in
1429 2221 1588 2265 alteret
1621 2219 1717 2263 Zeit
1751 2231 1836 2262 nur

118 2303 202 2336 vor
231 2294 251 2335 t
280 2292 370 2335 und
403 2303 427 2335 c
456 2292 711 2348 gebraucht,
743 2293 796 2336 ist
827 2293 887 2336 im
921 2291 1182 2336 Satzsandhi
1205 2305 1284 2336 aus
1296 2295 1406 2348 post
1423 2293 1834 2349 hervorgegangen,

116 2363 197 2408 das
227 2375 308 2408 aus
333 2363 462 2419 posti
489 2363 733 2408 enstanden
766 2365 863 2408 ist.’'
917 2362 1160 2408 Schenklio
1192 2373 1363 2408 constat
1395 2365 1464 2408 hic
1491 2375 1581 2419 pos
1612 2363 1832 2408 edendum

28 2436 29 2439 ’
116 2446 230 2490 esse,
261 2434 316 2480 cf.
349 2434 418 2479 Zu
453 2433 668 2490 Grattius,
701 2448 743 2491 p.
776 2434 884 2490 424;
915 2434 1082 2480 Munro
1114 2436 1168 2479 ad
1201 2435 1377 2480 Lucret.
1413 2434 1489 2479 IV.
1530 2434 1654 2479 1186.

35 2501 37 2505 ’
177 2504 433 2552 Set-rane:
469 2505 525 2551 C.
560 2506 718 2551 Atilius
752 2506 949 2564 Regulus
981 2506 1218 2561 Serranus,
1251 2507 1407 2551 consul
1439 2519 1557 2551 anno
1578 2505 1666 2550 257
1688 2515 1730 2550 et
1746 2505 1835 2549 250

34 2579 45 2590 ²
117 2587 218 2623 ante
267 2576 379 2624 Chr.
427 2588 514 2623 nat.
551 2577 670 2623 Cum
713 2591 964 2636 cognomen
1007 2578 1238 2624 Serranus
1278 2580 1321 2622 in
1365 2579 1558 2622 nummis
1599 2577 1834 2622 Sarranus

23 2643 32 2669 ²
115 2649 347 2704 scribatur,
379 2650 576 2694 nonnulli
608 2659 759 2706 putant
790 2662 955 2695 nomen
985 2652 1201 2708 originem
1232 2651 1397 2695 ducere
1419 2663 1444 2694 a
1469 2649 1688 2701 Sarrano,
1720 2660 1833 2705 quae

42 2760 44 2762 .
110 2730 184 2766 'est
245 2719 458 2766 Umbriae
506 2722 626 2775 urbs,
669 2721 723 2766 cf.
767 2732 912 2766 tamen
953 2723 1071 2780 apud
1114 2722 1303 2767 Plinium
1354 2722 1410 2766 N.
1456 2722 1515 2766 Η.
1565 2720 1727 2766 XVIII.
1774 2719 1834 2763 20

19 2783 41 2839 ζ’
117 2795 345 2837 serentem
403 2792 673 2837 invenerant
724 2793 826 2838 dati
867 2793 1064 2838 honores
1112 2793 1354 2846 Seranam,
1403 2794 1524 2838 unde
1569 2803 1830 2848 cognomen.

34 2884 43 2918 ς
120 2862 226 2908 Eius
256 2863 482 2908 historiam
515 2875 665 2908 narrat
699 2863 905 2909 Valerius
938 2865 1166 2910 Maximus
1211 2865 1287 2910 IV.
1319 2866 1359 2909 4.
1387 2866 1415 2909 5
1454 2864 1646 2908 Atilium
1662 2866 1831 2914 autem,

32 2928 33 2933 ’
118 2934 199 2990 qui
242 2934 307 2980 ad
350 2947 456 2980 eam
501 2936 828 2980 accersendam
864 2948 896 2981 a
935 2940 1104 2981 senatu
1146 2937 1282 2982 missi
1323 2940 1456 2982 erant
1495 2936 1558 2980 ad
1591 2934 1831 2990 imperium

94 3001 278 3063 ‘populi
319 3007 447 3052 Rom.
494 3007 856 3063 suscipiendam,
900 3008 1083 3053 semina
1122 3013 1417 3065 spargentem
1459 3007 1697 3052 viderant:
1747 3005 1832 3049 sed

121 3075 230 3122 illae
258 3078 431 3124 rustico
461 3090 597 3135 opere
628 3079 817 3123 attritae
849 3091 1016 3124 manas
1045 3081 1246 3125 salutem
1262 3080 1496 3136 publicam
1516 3078 1832 3128 stabilierant,·

5 3162 43 3209 ³3
120 3147 328 3205 ingentes
359 3150 562 3195 hostiam
592 3150 753 3206 copias
780 3152 1210 3206 pessumdederant.
