2210 3568
1224 238 1304 282 112

416 370 574 411 rentur
600 378 631 411 a
661 366 836 419 bestiis,
869 366 1166 422 imponuntur
1192 367 1267 412 his
1297 369 1487 413 collaria
1519 381 1637 425 quae
1667 374 1891 415 vocantur
1913 372 2114 428 melium,

417 437 466 482 id
486 440 555 482 est
571 437 801 492 cingulum
817 437 985 481 circum
1001 437 1164 482 collum
1180 450 1238 482 ex
1254 438 1378 483 corio
1386 439 1527 495 firmo
1547 451 1648 484 cum
1669 441 1863 485 clavulis
1881 436 2113 498 capitam,

417 519 535 564 quae
553 507 675 552 intra
691 507 846 563 capita
864 508 1068 552 insuitur
1075 509 1213 564 pellis
1229 509 1394 565 mollis,
1412 522 1470 554 ne
1486 514 1646 555 noceat
1662 511 1777 556 collo
1797 512 1972 558 duritia
1977 511 2114 570 fen-i.

478 577 653 623 Cristae
704 579 920 636 gallorum
967 580 1068 624 ideo
1111 580 1344 626 collaribus
1390 581 1670 637 inducuntur,
1716 583 1836 639 quod
1880 583 2004 641 gallis
2047 586 2117 629 vis

416 649 583 705 magica
622 649 837 704 tribuitur,
876 649 932 694 cf.
974 649 1087 695 Plin.
1128 650 1185 695 N.
1232 651 1291 696 H.
1335 651 1388 696 X.
1426 651 1485 696 49
1515 654 1588 709 qui
1619 653 1675 696 de
1705 653 1828 710 gallis
1858 654 2037 700 scribit:
2067 655 2117 699 hi

417 718 618 763 maxime
657 723 882 764 terrarum
920 720 1111 776 imperio
1153 722 1392 777 imperant,
1424 723 1544 767 extis
1573 723 1713 768 etiam
1736 723 1962 781 fibrisque
1989 724 2116 770 haud

417 788 556 833 aliter
582 801 720 845 quam
751 791 936 846 opimae
965 792 1180 837 victimae
1212 793 1316 837 Diis
1342 794 1480 849 grati.

477 859 627 905 Morbi
658 862 885 907 avertendi
916 875 1050 907 causa
1080 864 1179 921 galli
1211 866 1342 909 crista
1373 864 1561 910 Laribus
1594 868 1873 922 promittitur,
1889 866 1944 912 cf.
1963 865 2116 913 Iuven.

425 931 490 976 13.
522 930 612 976 232
637 933 860 988 pecudem
889 934 1115 989 spondere
1145 935 1317 979 sacello
1346 938 1366 990 s
1396 936 1627 980 balantem
1650 940 1695 980 et
1717 937 1911 982 Laribus
1929 936 2115 982 cristam

413 1002 679 1057 promittere
705 1004 822 1059 galli
851 1007 871 1058 s
901 1016 995 1048 non
1024 1005 1209 1049 audent.

354 1131 361 1137 „
478 1071 597 1118 Cum
648 1072 809 1119 Grattii
857 1076 1062 1119 versibus
1108 1077 1257 1132 utique
1304 1078 1631 1134 comparandus
1667 1078 1779 1124 Plin.
1817 1077 1977 1134 XXIX,
2014 1078 2114 1124 100:

417 1143 550 1188 aiunt
595 1148 638 1188 et
685 1145 874 1189 cristam
915 1146 1031 1201 galli
1076 1147 1317 1191 contritam
1363 1146 1619 1205 efficaciter
1661 1149 1836 1205 imponi
1879 1174 1939 1182 —-
1967 1159 2116 1194 narrat

416 1215 534 1259 enim
579 1216 806 1272 quomodo
853 1217 1057 1260 homines
1097 1230 1122 1261 a
1169 1229 1278 1262 cane
1328 1219 1506 1264 rabioso
1551 1221 1688 1265 morsi
1732 1221 1879 1265 sanari
1924 1221 2116 1277 possint;

420 1283 619 1330 Marcell.
653 1284 686 1340 1,
717 1285 777 1329 82
801 1286 990 1341 plumae
1020 1287 1092 1331 vel
1117 1287 1263 1332 crista
1293 1289 1514 1345 alligatur
1532 1290 1596 1335 ad
1625 1290 1788 1335 collum
1818 1293 1898 1335 aui
1920 1290 2116 1336 dalmatis

418 1358 554 1411 caput
583 1367 640 1400 ac
667 1356 828 1401 statim
862 1357 1081 1403 medetur.

479 1424 645 1480 „Tanta
677 1426 790 1483 vis,''
829 1420 968 1484 inquit
1011 1427 1072 1473 G.
1109 1428 1445 1487 Kropatscheck
1485 1432 1529 1475 in
1560 1432 1880 1486 dissertatione,
1910 1431 1968 1476 de
1991 1442 2117 1477 amu-
2194 1412 2199 1422 .-

418 1497 611 1541 letorum
656 1498 783 1552 apud
828 1499 1043 1554 antiquos
1075 1511 1175 1555 usu,
1218 1502 1443 1553 „amuletis
1474 1503 1528 1546 ab
1559 1504 1746 1560 antiquis
1775 1503 2115 1556 adscribebatur,

420 1577 467 1613 ut
515 1569 646 1613 etiam
697 1568 924 1613 animalia
975 1570 1029 1614 ad
1081 1571 1339 1627 depellenda
1390 1573 1502 1616 mala
1553 1585 1606 1617 ea
1655 1585 1870 1630 quaerere
1915 1583 2117 1631 putarent

418 1639 666 1694 homines‚‘'
712 1639 767 1684 cf.
814 1639 984 1685 Aelian.
1031 1641 1130 1685 hist.
1178 1643 1308 1686 anim.
1356 1642 1388 1687 1.
1430 1643 1488 1687 35
1517 1645 1740 1700 βασκάνων
1770 1642 2016 1698 ὀφθαλμοὺς
2046 1645 2116 1685 καὶ

418 1709 580 1764 γοήτων
623 1708 879 1764 φυλάττεται
921 1712 990 1751 καὶ
1021 1719 1106 1755 τῶν
1137 1711 1253 1761 ζώων
1285 1713 1339 1754 τὰ
1371 1712 1504 1766 ἄλογα
1535 1714 1651 1767 φύσει
1682 1730 1765 1758 τινι
1795 1715 2014 1770 ἆπορῥήτῳ
2047 1716 2116 1755 καὶ

420 1784 668 1837 θαυμαστῷ.
701 1780 860 1822 Ἀκούω
891 1776 964 1824 οὖν
985 1783 1217 1838 βασκανίας
1238 1784 1492 1838 ἀμυντήριον
1513 1786 1589 1832 τὰς
1604 1785 1769 1837 φάττας
1786 1784 1945 1840 δάφνης
1961 1782 2115 1828 κλωνία

419 1851 738 1906 ἆποτραγούσας
768 1849 914 1903 λεπτά,
947 1848 1035 1892 εἶτα
1066 1850 1207 1905 μέντοι
1239 1861 1330 1901 ταῖς
1361 1857 1523 1897 ἑαυτῶν
1556 1853 1719 1903 καλιαῖς
1749 1854 1999 1907 ἐπιτιθέναι,
2027 1862 2114 1896 τῶν

419 1921 612 1965 nontam
643 1920 775 1975 φειδοῖ
801 1919 889 1963 κτλ.
955 1921 1245 1979 Quapropter
1300 1924 1503 1969 homines
1547 1925 1799 1971 domesticis
1859 1925 2116 1971 animalibus

419 1991 605 2037 amuleta
637 1992 937 2050 circumligant
968 1993 1125 2038 eodem
1158 1995 1291 2039 modo
1323 2005 1452 2051 atque
1482 1995 1731 2051 iurantibus,
1763 1996 1817 2041 ct'.
1852 1996 1976 2052 Jahn,
2006 1997 2116 2044 iiber

419 2063 504 2107 den
551 2062 861 2120 Aberglauben
906 2063 985 2107 des
1031 2065 1169 2109 b6sen
1203 2064 1355 2110 Blicks
1402 2067 1470 2110 bei
1516 2067 1602 2111 den
1640 2067 1768 2112 Alten
1799 2066 2115 2130 (Sitzungsber.

420 2133 500 2177 der
529 2133 672 2178 sachs.
707 2132 818 2179 Ges.
852 2135 894 2178 d.
928 2133 1063 2180 Wiss.
1101 2134 1242 2194 1855).
1275 2136 1422 2194 p.,40,
1453 2137 1601 2182 adnot.
1632 2137 1703 2182 40.

478 2203 691 2248 maelis:
723 2204 778 2248 cf.
810 2217 923 2261 quae
953 2205 1008 2249 ad
1040 2217 1220 2251 versum
1252 2206 1340 2251 340
1371 2207 1693 2253 adnotavimus.

479 2345 581 2390 403.
613 2345 800 2389 sacris.
821 2379 831 2388 .
850 2379 860 2390 .
914 2346 1153 2391 conchis:
1194 2348 1306 2392 libro
1338 2348 1530 2393 «XXXII.
1563 2349 1604 2393 2.
1640 2349 1861 2394 Naturalis
1893 2349 2116 2396 Historiae

408 2415 588 2460 Plinius
634 2426 781 2461 narrat
812 2429 999 2473 parvum
1031 2418 1302 2474 pisciculum,
1334 2421 1407 2476 qui
1438 2420 1643 2464 echeneis
1673 2421 1928 2477 appelletur,
1959 2422 2114 2466 miram

421 2486 639 2544 quandam
683 2489 919 2543 potentiam
961 2488 1137 2543 habere,
1175 2502 1260 2546 qua
1293 2500 1409 2535 vetat
1438 2492 1503 2535 ire
1532 2492 1719 2548 navigia.
1754 2490 1893 2536 Paulo
1923 2501 2024 2548 post
2053 2491 2117 2547 (5)

421 2557 558 2601 addit:
590 2568 672 2601 nec
703 2557 965 2602 dubitamus
998 2559 1117 2604 idem
1147 2561 1301 2604 valere
1332 2562 1488 2605 omnia
1515 2573 1700 2617 genera,
1732 2573 1834 2606 cum
1874 2562 2037 2607 celebri
2071 2565 2116 2606 et

421 2631 684 2672 consecrato
733 2628 874 2672 etiam
920 2630 1125 2684 exemplo
1171 2631 1296 2686 apud
1343 2630 1559 2676 Gnidiam
1609 2631 1822 2677 Venerem
1860 2632 2115 2676 conchas

423 2711 600 2755 quoque
648 2699 750 2743 eius
796 2700 1031 2754 potentiae
1077 2702 1200 2744 credi
1250 2714 1435 2747 necesse
1478 2703 1542 2747 sit
1552 2716 1570 2754 ,·
1619 2703 1704 2748 vid.
1753 2705 1882 2748 etiam
1924 2702 2113 2748 Plinium

425 2769 481 2813 N.
519 2769 580 2817 H.
612 2769 687 2816 IX.
717 2769 789 2814 80.

482 2909 582 2955 404.
615 2911 798 2954 vivom
829 2910 1082 2965 lapidem:
1119 2912 1172 2956 cf.
1213 2913 1323 2956 Plin.
1364 2914 1424 2958 H.
1466 2913 1522 2958 N.
1560 2913 1872 2958 XXXV1.l37
1894 2913 2115 2958 Molarem

423 2980 611 3036 quidam
637 2981 870 3037 pyriten
899 2985 1075 3034 vocant,
1108 2984 1325 3037 quoniam
1355 2984 1417 3028 sit
1438 2984 1666 3039 plurimus
1689 2984 1810 3040 ignis
1832 2984 1923 3028 illi:
1942 2984 2025 3028 sed
2045 2987 2115 3028 est

423 3052 547 3096 alius
576 3053 870 3108 spongiosior
896 3055 1073 3096 tantum
1105 3056 1148 3095 et
1179 3054 1302 3096 alius
1334 3055 1583 3098 etiamnum
1610 3055 1784 3110 pyrites
1814 3054 2115 3099 similitudine

424 3123 560 3167 aeris.
594 3124 647 3167 In
680 3123 826 3179 Cypro
857 3135 960 3167 eum
992 3124 1179 3178 reperiri
1200 3125 1354 3168 volunt
1377 3129 1420 3168 et
1443 3126 1491 3169 in
1512 3126 1709 3169 metallis
1730 3137 1848 3181 quae
1867 3129 1976 3170 sunt
1995 3126 2115 3170 circa
