2210 3568
1198 229 1256 274 88

372 357 510 415 satur)
555 367 598 402 et
642 357 810 402 fratres»
844 358 1040 414 pondere
1085 369 1212 417 coget
1257 361 1550 417 descendere;
1582 363 1653 407 vel
1683 364 1872 409 nobilior
1900 367 2071 413 catulus

373 427 514 473 levior
544 429 740 485 pondere
770 429 894 472 erit.‘’
939 427 1056 473 Cum
1090 429 1272 476 Barthio
1303 441 1346 476 et
1378 431 1684 479 Wernsdorlio
1722 443 1836 479 stant
1868 434 2068 483 Sternius

372 505 414 542 et
445 496 577 555 Fiegl.
626 498 880 555 Quominus
910 499 1024 544 hanc
1054 502 1454 559 interpretationem
1493 516 1643 549 veram
1672 505 1896 561 ducamus,
1928 506 2069 552 obstat

371 569 562 624 primum
607 570 725 626 quod
770 581 859 614 non
906 570 961 615 de
1004 571 1178 616 trutina
1223 575 1414 630 cogitare
1459 574 1570 631 licet,
1621 584 1668 620 ut
1719 587 1812 622 vox
1857 577 2070 622 manibus

370 638 509 695 docet,
557 640 714 685 deinde
759 651 1041 698 praeceptum
1089 642 1315 699 Demetrii,
1364 645 1483 701 quod
1525 657 1625 689 cum
1657 646 1749 690 aliis
1780 647 1927 703 rebus,
1958 660 2070 705 quas

370 719 530 766 narrat,
577 723 635 756 ex
679 711 799 756 fonte
845 713 1086 769 antiquiore
1132 714 1335 759 haustum
1380 724 1465 759 est:
1513 717 1760 770 σταθμήσας
1807 720 1862 760 τὰ
1877 722 2068 775 ’κυνάρια

370 779 620 830 έπέλεξαι
658 783 715 823 τὸ
754 783 1074 840 βαρύτερον.
1125 783 1302 840 Quodsi
1349 785 1481 831 Vlitio
1526 787 1858 844 adstipulamur,
1890 798 2066 846 poetam

367 851 581 896 dicentem
613 852 796 897 facimus
825 854 869 897 id
900 855 1018 911 quod
1049 864 1231 900 naturae
1261 858 1481 912 convenit,
1514 869 1656 914 neque
1685 860 1803 903 enim
1826 859 2066 904 absurdum

367 930 433 965 est
492 923 674 968 credere
724 936 892 980 canem,
945 926 1031 981 qui,
1084 938 1184 970 cum
1236 939 1402 984 parvus
1453 937 1532 983 est,
1584 930 1763 985 gravior
1811 930 1879 986 sit,
1914 939 2068 987 postea

368 992 662 1037 robustiorem
709 994 802 1038 fieri
847 1008 977 1052 quam
1024 1008 1126 1041 eum
1168 998 1372 1053 catulum,
1417 1000 1490 1054 qui
1520 1000 1641 1043 initio
1674 999 1785 1045 levis
1815 1008 1894 1056 est,
1925 1012 2069 1057 neque

366 1063 467 1107 huic
499 1064 640 1108 obstat
669 1066 1009 1122 interpretationi
1041 1067 1160 1123 quod
1196 1067 1395 1113 Grattius
1427 1082 1471 1114 v.
1493 1068 1582 1113 290
1601 1070 1773 1114 teneris
1792 1070 1871 1115 vix
1890 1071 2068 1116 artibus

366 1133 522 1178 haeret
552 1135 606 1179 de
638 1146 746 1180 cane
776 1148 995 1193 generoso
1026 1137 1140 1194 dicit,
1171 1151 1274 1183 nam
1306 1140 1564 1184 adverbium
1599 1140 1692 1194 vix,
1722 1141 1766 1185 id
1797 1141 1916 1198 quod
1947 1150 2066 1188 recte

368 1205 473 1249 vidit
504 1209 829 1251 recentissimus
863 1207 1023 1252 Grattii
1053 1209 1207 1263 editor,
1241 1209 1454 1266 Vollmer,
1488 1212 1842 1269 coniungendum
1872 1221 1939 1257 est
1962 1224 2065 1257 cum

367 1275 548 1332 iamque
582 1276 717 1336 (292),
750 1279 808 1322 ita
838 1287 884 1322 ut
914 1282 1124 1324 sententia
1155 1281 1318 1325 evadat
1350 1281 1478 1326 haec:
1514 1283 1640 1338 „iam‚
1672 1295 1772 1327 cum
1803 1284 2066 1328 tenerrimus

366 1356 444 1402 est,
495 1360 544 1392 se
594 1361 728 1405 supra
777 1349 934 1394 fratres
984 1351 1193 1395 extollit.”
1247 1352 1399 1396 Restat
1451 1361 1595 1397 tamen
1646 1353 1886 1408 difficultas,-
1932 1367 2064 1415 quam

367 1418 547 1473 praebet
575 1419 828 1463 deducendi
858 1421 1058 1465 verbum.
1091 1422 1248 1467 Vlitius
1280 1423 1384 1467 nihil
1407 1423 1582 1478 addidit,
1605 1436 1693 1481 quo
1714 1436 1839 1468 suam
1860 1425 2065 1470 stabiliret

366 1489 640 1545 opinionem;
692 1488 859 1535 Curcio
905 1491 1013 1535 haec
1058 1494 1207 1537 scribit
1250 1494 1293 1537 in
1340 1496 1656 1539 commentario
1704 1507 1810 1539 suo:
1851 1494 2064 1549 „deducet

360 1560 562 1615 pondere
583 1557 789 1616 fratres:
819 1563 893 1618 qui
923 1562 1143 1606 deducere
1175 1564 1200 1607 ὲ
1233 1566 1445 1609 costruito
1476 1577 1604 1610 come
1630 1564 1831 1620 privare,
1860 1565 2063 1621 spoliare

366 1633 445 1674 etc.
499 1633 733 1685 „sminuira
779 1631 822 1675 di
868 1645 976 1688 peso
1020 1634 1034 1676 i
1079 1634 1247 1689 fratelli,
1291 1636 1517 1680 sottrarrd
1556 1647 1672 1691 peso
1703 1636 1753 1680 ai
1773 1633 2002 1693 fratelli‚''
2033 1649 2061 1682 e

365 1703 515 1758 percio
549 1701 610 1755 „li
638 1702 821 1746 vincera
851 1703 926 1746 nel
951 1705 1113 1759 peso”.

423 1771 496 1817 Sic
557 1782 701 1817 tamen
757 1774 943 1818 verbum
993 1774 1213 1819 deducere
1262 1777 1537 1832 interpretari
1588 1789 1774 1833 prorsus
1824 1789 1914 1822 non
1962 1777 2062 1823 licet

365 1855 508 1900 neque
552 1843 713 1888 addidit
762 1843 928 1889 Curcio
974 1845 1109 1889 ullum
1155 1846 1300 1890 locum
1346 1847 1543 1891 similem.
1578 1847 1834 1891 Vollmerus
1864 1849 1908 1891 in
1939 1859 2061 1893 com-

364 1916 578 1959 mentario
623 1916 772 1959 critico
814 1916 1014 1960 editionis
1043 1929 1150 1960 suae
1181 1919 1576 1973 praestantissimae
1606 1918 1823 1975 legentem
1859 1917 1914 1962 ad
1945 1917 2060 1963 The-

363 1997 543 2029 saurum
588 1986 761 2043 linguae
808 1986 988 2031 Latinae
1035 1987 1089 2031 V.
1131 1987 1233 2031 280.
1275 1987 1334 2032 60
1364 2000 1429 2044 sq.
1461 1988 1666 2045 delegans
1698 1989 1888 2033 deducet
1917 1990 2080 2052 verbo⁴

363 2055 628 2100 detrectabit
658 2057 820 2111 reddit;
852 2069 994 2113 neque
1025 2066 1168 2102 tamen
1201 2058 1285 2103 loci
1314 2059 1359 2102 in
1391 2057 1622 2103 Thesauro
1653 2059 1823 2104 collecti
1854 2061 2056 2117 cuiquam

363 2126 700 2183 persuadebunt,
756 2137 1025 2184 quapropter
1076 2129 1157 2173 alia
1207 2130 1366 2173 ibimus
1417 2131 1501 2174 via.
1555 2130 1753 2174 Verbum
1804 2129 2059 2184 deducendi

362 2199 537 2254 saepius
581 2197 643 2241 ad
687 2198 975 2243 humiliorem
1018 2203 1191 2243 statum
1236 2198 1410 2256 referre
1451 2200 1694 2257 significare
1724 2209 1766 2245 et
1801 2200 1871 2245 alii
1900 2201 1985 2246 loci
2013 2210 2056 2246 et

362 2268 431 2312 hic
477 2268 591 2313 Livii
635 2267 726 2327 (lx.
773 2269 843 2313 34.
897 2269 966 2327 18)
1011 2270 1162 2315 docet:
1215 2271 1436 2324 „solemne
1484 2272 1538 2315 ab
1583 2272 1695 2328 ipso,
1742 2273 1812 2316 cui
1848 2271 1906 2327 fit,
1938 2273 2058 2317 insti-

361 2347 499 2383 tutum
551 2338 649 2394 deo,
695 2339 750 2383 ab
795 2340 1073 2385 nobilissimis
1120 2343 1376 2386 antistitibus
1422 2343 1516 2386 eius
1561 2343 1675 2386 sacri
1720 2342 1773 2386 ad
1820 2354 2054 2387 servorum

362 2410 647 2454 ministerium
692 2409 983 2466 deduxisti”;
1026 2421 1180 2456 nostro
1225 2421 1370 2456 autem
1415 2413 1515 2457 loco
1545 2412 1695 2456 similis
1725 2421 1792 2457 est
1825 2411 2057 2458 Ciceronis

361 2480 496 2535 locus,
553 2492 685 2536 quem
735 2481 919 2537 legimus
978 2482 1059 2540 „de
1115 2482 1283 2527 Finib.’'
1333 2483 1387 2527 V.
1434 2483 1507 2538 91,
1558 2482 1616 2526 92
1676 2483 1872 2536 „audebo
1926 2485 2055 2541 igitur

361 2560 506 2596 cetera
544 2563 657 2607 quae
696 2552 938 2596 secundum
974 2562 1175 2596 naturam
1209 2562 1309 2598 sunt
1339 2554 1453 2598 bona
1485 2553 1704 2610 appellare
1734 2566 1816 2598 nec
1847 2553 2053 2599 fraudare

359 2628 443 2667 suo
475 2630 624 2666 vetere
654 2623 830 2666 nomine
861 2624 1006 2679 potius
1036 2636 1167 2679 quam
1199 2624 1373 2680 aliquod
1404 2636 1571 2668 novum
1602 2624 1850 2680 exquirere,
1884 2625 2054 2669 virtutis

360 2702 505 2738 autem
546 2692 871 2749 amplitudinem
908 2695 1031 2749 quasi
1070 2695 1113 2737 in
1156 2695 1289 2739 altera
1320 2695 1454 2739 librae
1485 2695 1607 2739 lance
1638 2706 1818 2751 ponere.
1857 2694 2052 2748 Terram,

360 2764 465 2807 mihi
495 2764 641 2818 crede,
671 2775 728 2807 ea
759 2763 869 2807 lanx
898 2767 943 2807 et
974 2764 1122 2808 maria
1151 2764 1413 2820 deprimef'.
1450 2765 1551 2811 Hoc
1582 2765 1680 2810 loco
1711 2765 1962 2821 deprimere
1995 2785 2050 2803 =

362 2834 620 2890 ¹,vincere’';
666 2834 778 2878 duae
823 2835 939 2879 enim
985 2836 1195 2891 imagines
1241 2836 1566 2880 confunduntur
1610 2837 1722 2880 inter
1766 2848 1829 2891 se,
1875 2849 1977 2880 nam
2013 2837 2050 2881 si

362 2904 525 2950 Cicero
566 2905 621 2949 de
657 2905 845 2958 trutina,
880 2917 980 2949 cum
1015 2909 1183 2949 terram
1213 2919 1302 2963 eqs.
1336 2907 1564 2961 scribebat,
1595 2907 1841 2963 cogitasset,
1873 2906 2050 2951 attollet

359 2977 429 3020 vel
475 2975 682 3028 elevabit,
727 2988 817 3020 non
863 2975 1083 3030 deprimet
1126 2978 1394 3033 scripsisset;
1433 2978 1496 3021 sic
1535 2986 1688 3021 nostro
1731 2976 1829 3021 loco
1859 2976 2049 3021 deducet

357 3048 639 3106 (quamquam
696 3059 785 3091 non
830 3047 928 3091 licet
972 3047 1119 3091 dicere
1162 3049 1374 3105 imagines
1419 3047 1640 3103 confundi,
1687 3059 1788 3092 cum
1833 3047 2047 3092 manibus

357 3119 603 3175 pendantur
632 3118 778 3177 catuli)
805 3117 1089 3174 deprimendi
1118 3119 1206 3162 vim
1238 3118 1378 3164 habet.
