2210 3568
1197 262 1256 306 30

370 394 442 438 24.
493 392 670 450 Cyneg.
703 391 805 437 225.

724 463 851 508 turba
881 462 979 516 loci,
1011 462 1178 506 maiora
1208 470 1326 506 secat
1357 463 1494 518 spatia
1525 471 1677 506 extera
1708 474 1822 519 gyro

725 533 922 578 Eandem
953 541 1082 589 atque
1113 533 1182 576 hic
1214 533 1401 577 verbum
1432 531 1623 576 secandi
1652 534 1908 578 sententiam

722 605 851 649 habet
882 603 993 648 Aen.
1028 602 1082 647 V.
1115 602 1225 658 658;
1259 602 1335 647 Vl.
1368 603 1479 657 899;
1512 602 1587 647 IX.
1627 603 1702 658 153
1735 603 1831 649 x11.
1863 603 1965 650 368.

365 723 436 768 25.
488 722 663 780 Cyneg.
694 720 945 766 214—219.
1111 721 1267 766 eadem
1327 722 1570 767 sententiae
1629 730 1861 777 structura,
1913 722 2074 768 eadem

484 793 596 838 Aen.
630 792 708 838 VI.
747 791 990 837 162-167.
1110 791 1408 849 epanaphora.

425 911 552 956 Multi
593 923 651 958 ex
702 911 770 955 his
820 910 928 956 locis
979 911 1053 967 qui
1104 909 1305 954 dicuntur
1355 908 1622 965 παράλληλοι
1671 909 1776 954 nihil
1823 909 1967 955 Valent
2011 911 2069 956 ad

365 982 755 1027 demonstrandum
777 980 998 1026 Grattium
1017 980 1260 1025 Aeneidem
1277 980 1458 1037 legisse3
1480 981 1630 1037 quales
1650 989 1751 1025 sunt
1767 981 1795 1024 ii
1811 980 1894 1025 loci
1910 981 2076 1037 quibus

362 1065 570 1099 numeros
600 1053 642 1108 4,
673 1052 715 1108 7,
747 1052 791 1107 8,
821 1052 864 1107 9,
903 1053 967 1106 11,
1007 1051 1071 1104 13,
1111 1051 1176 1106 14,
1214 1051 1279 1106 15,
1318 1051 1383 1106 17,
1421 1050 1487 1106 18,
1518 1050 1591 1105 20,
1622 1051 1695 1107 24,
1723 1050 1781 1095 25
1809 1052 2006 1108 apposui.

423 1124 561 1181 Quod
609 1125 759 1181 paucis
790 1123 968 1180 planum
999 1121 1180 1177 faciam;
1212 1131 1437 1178 comparat
1468 1135 1511 1166 v.
1545 1122 1586 1166 d.
1623 1121 1790 1167 Curcio
1816 1121 1909 1179 (17)
1944 1119 2070 1179 Cyn.
2118 1132 2124 1138 ·

360 1195 448 1239 443
494 1207 594 1239 cum
641 1194 753 1238 Aen.
803 1192 877 1237 111.
924 1193 997 1247 26,
1039 1193 1117 1237 sed
1167 1191 1367 1237 Grattius
1397 1203 1495 1237 ante
1526 1193 1680 1238 oculos
1711 1192 1860 1237 habuit
1893 1190 2065 1250 Georg.

361 1265 439 1310 IV.
471 1265 559 1310 554
589 1264 664 1309 hic
693 1276 800 1309 vero
831 1263 1032 1308 subitum
1063 1275 1117 1307 ac
1148 1263 1273 1307 dictu
1305 1263 1514 1308 mirabile
1545 1267 1811 1308 monstrum.

419 1383 600 1428 Restant
622 1392 767 1427 tamen
788 1382 831 1437 5,
854 1381 895 1436 6,
925 1382 990 1436 12,
1019 1381 1084 1437 16,
1113 1381 1178 1436 19,
1200 1381 1272 1436 21,
1294 1382 1453 1437 quibus
1474 1381 1582 1426 locis
1597 1381 1820 1438 putaveris
1840 1379 2070 1425 Grattium

357 1453 582 1498 Aeneidos
628 1465 872 1498 memorem
918 1464 1032 1496 esse.
1080 1452 1195 1497 Addi
1243 1461 1386 1509 potest
1435 1451 1741 1509 Cynegeticon
1787 1463 1945 1495 versus
1981 1450 2071 1495 104-

357 1525 480 1568 cuius
517 1523 615 1569 finis
645 1523 965 1569 observantior
994 1523 1111 1567 alter
1140 1524 1299 1568 similis
1322 1532 1387 1567 est
1420 1522 1644 1567 Aeneidos
1675 1533 1833 1566 versus
1865 1520 1942 1566 Vl.
1980 1520 2070 1565 164-

357 1607 444 1651 quo
490 1606 581 1639 non
626 1593 929 1651 praestantior
971 1593 1099 1637 alter.
1151 1592 1328 1648 Quodsi
1375 1594 1442 1637 vir
1487 1594 1643 1637 doctus
1687 1591 1856 1637 Curcio
1911 1592 2066 1637 talium.

357 1678 567 1710 versuum
613 1665 891 1710 similitudine
931 1663 1068 1708 fretus
1108 1664 1330 1708 contendit
1364 1662 1524 1708 Grattii
1555 1675 1734 1708 carmen
1766 1671 1865 1720 post
1895 1674 2065 1706 annum.

361 1736 413 1799 119
443 1749 483 1781 a.
519 1735 629 1780 Chr.
661 1745 811 1780 natum
843 1736 1053 1792 scriptum
1084 1747 1184 1779 esse
1213 1760 1272 1766 —
1302 1746 1391 1791 quo
1421 1746 1538 1778 anno
1570 1733 1733 1778 Aeneis
1763 1733 1922 1790 publici
1952 1734 2066 1778 iuris-

353 1806 465 1851 facta
511 1816 576 1851 est
624 1830 693 1861 -,
739 1818 829 1850 non
876 1805 1224 1850 obliviscendum
1271 1814 1336 1849 est
1382 1804 1473 1848 lieri
1521 1805 1729 1861 potuisse,
1775 1812 1821 1848 ut
1852 1804 1920 1848 his
1950 1803 2065 1850 locis

354 1887 536 1934 uterque
587 1886 717 1934 poeta
763 1878 1053 1933 antiquiorem
1103 1885 1278 1933 poetam
1325 1884 1598 1931 sequeretur,
1659 1886 1698 1918 e.
1760 1886 1802 1931 g.
1850 1873 2060 1925 Ennium,

356 1948 494 2004 Quod
540 1958 586 1992 ut
631 1947 837 2004 exemplo
869 1946 1141 2001 confirmem,
1179 1947 1264 1991 cito
1298 1944 1459 1991 Grattii
1490 1957 1671 1990 versum
1703 1943 1792 1988 376
1820 1956 1904 1988 seu
1935 1947 2059 1990 terra
2089 2003 2091 2005 Ι

350 2030 463 2064 suos
518 2019 767 2075 populatur
826 2018 1038 2073 honore&
1084 2018 1159 2074 qui
1204 2029 1362 2063 versus
1408 2016 1504 2060 finis
1553 2016 1684 2060 etiam
1730 2016 1846 2072 apud
1899 2014 2054 2060 Silium

353 2090 546 2134 Italicum
576 2091 797 2134 invenitur
829 2088 942 2145 (XII.
973 2088 1093 2144 244).

410 2161 473 2205 lbi
517 2170 663 2205 autem
709 2159 825 2210 malo
869 2172 1047 2204 sumere
1093 2158 1246 2204 Silium
1292 2168 1335 2203 et
1384 2157 1606 2203 Grattium
1651 2169 1710 2201 ex
1750 2158 1876 2202 tertio
1907 2157 2051 2214 aliquo

349 2241 492 2288 poeta,
524 2243 656 2288 quam
688 2229 843 2274 Silium
875 2243 932 2274 ex
964 2240 1117 2274 nostro
1149 2230 1361 2274 hausisse.

410 2301 531 2346 Idem
576 2301 778 2346 videmus
827 2299 987 2345 Grattii
1020 2313 1061 2344 v.
1091 2300 1195 2355 342,
1227 2301 1301 2344 ubi
1332 2312 1489 2345 versus
1522 2298 1619 2343 finis
1638 2297 2048 2355 falarica-dextra.

349 2372 517 2418 Eodem
564 2381 709 2416 autem
755 2371 890 2416 modo
937 2371 1068 2416 Silius
1113 2383 1293 2415 versum
1335 2371 1367 2414 1.
1411 2371 1491 2414 351
1530 2370 1687 2415 claudit
1718 2369 1875 2413 librari
1905 2369 2051 2414 multa

346 2446 566 2488 consueta
611 2441 883 2499 falarica
929 2442 1148 2496 dextra,
1196 2453 1297 2486 cum
1344 2453 1433 2498 quo
1479 2441 1577 2485 loco
1623 2440 1848 2484 Ernestus
1900 2440 2052 2491 Wezel

346 2514 435 2570 (De
483 2512 541 2558 C.
587 2511 679 2557 Silii
725 2512 857 2556 Italici
888 2524 988 2556 cum
1019 2512 1211 2556 fontibus
1242 2521 1333 2555 tum
1364 2512 1593 2568 exemplis,
1624 2511 1728 2555 diss.
1761 2510 1879 2567 Lips.
1920 2509 2044 2564 1873,

344 2598 387 2642 p.
419 2583 492 2640 43)
521 2583 692 2629 confert
741 2582 869 2627 Ennii
913 2582 1069 2640 fragm.
1115 2583 1202 2626 544
1251 2581 1459 2639 (Vahlen)
1500 2593 1619 2637 quae
1656 2581 1809 2625 valide
1853 2580 2046 2625 veniunt

352 2687 540 2700 .......
596 2652 803 2711 falarica
860 2653 1016 2697 missa.
1085 2652 1290 2698 Fortasse
1349 2654 1478 2711 igitur
1524 2651 1730 2709 falarica
1791 2651 1952 2695 dextra
2001 2660 2052 2695 et:

337 2724 587 2781 populatur
615 2724 813 2768 honores
844 2724 971 2768 Ennii
1002 2737 1213 2768 versuum
1246 2723 1356 2768 fines
1386 2733 1500 2768 sunt.

402 2794 491 2840 Sed
522 2805 611 2840 tota
642 2796 749 2846 haec
781 2795 978 2851 quaestio
1010 2794 1263 2851 dignissima
1295 2803 1360 2838 est
1391 2796 1435 2838 in
1466 2806 1597 2850 quam
1628 2793 1872 2837 accuratius
1902 2793 2051 2848 inqui--

343 2875 487 2920 ratur3
518 2866 588 2910 hic
619 2875 783 2910 tantum
816 2865 900 2909 hoc
931 2865 1107 2909 declaro
1139 2877 1208 2909 me
1237 2866 1419 2910 credere
1444 2864 1665 2910 Grattium
1688 2862 1828 2907 Ennii
1848 2864 2041 2907 carmina

342 2938 411 2982 hic
442 2937 526 2983 illic
558 2937 770 2981 imitatum
801 2947 912 2980 esse.

402 3007 505 3062 Sed,
547 3017 593 3051 ut
623 3007 816 3060 redeam,
846 3006 963 3050 unde
995 3007 1093 3060 abii,
1126 3007 1259 3050 tutius
1291 3018 1390 3050 esse
1421 3006 1524 3049 mihi
1557 3004 1728 3050 videtur
1758 3029 1816 3035 -
1846 3013 1892 3047 ut
1922 3015 2040 3047 nunc

341 3091 414 3123 res
458 3091 507 3122 se
554 3078 714 3123 habent
753 3102 795 3109 -
848 3088 1024 3120 sumere
1074 3075 1232 3121 Grattii
1264 3088 1442 3120 carmen
1473 3075 1764 3132 compositum
1796 3086 1895 3119 esse
1925 3075 2050 3117 intra.

341 3162 503 3193 annum
534 3149 593 3194 30
622 3157 720 3193 ante
755 3146 866 3211 Chr.
898 3159 941 3190 n.
973 3156 1014 3191 et
1045 3146 1073 3190 8
1105 3156 1203 3203 post
1239 3145 1348 3191 Chr.
1380 3156 1542 3191 natum.
