2210 3568
957 222 1018 267 89

187 353 442 402 Statuamus
470 366 603 410 nunc,
635 354 845 411 quidnam
881 352 1178 397 Nemesianus
1213 353 1327 398 dicat
1363 350 1625 410 Cynegetic.
1645 364 1712 397 vs.
1736 351 1840 396 138:

194 425 278 472 138
301 426 506 484 pondere
535 436 646 470 nam
678 424 822 469 catuli
845 423 1024 480 poteris
1050 424 1332 480 perpendere
1361 424 1486 469 vires

193 497 279 544 139
305 497 662 555 corporibusque
691 496 817 541 leves
842 494 1065 552 gravibus
1092 507 1398 551 praenoscere
1424 506 1575 551 cursu,

68 560 70 564 ’
125 581 231 615 nam
270 569 328 615 de
363 569 525 615 horum
557 580 736 626 quoque
767 579 983 613 versuum
1014 569 1229 612 sententia
1262 569 1397 613 variis
1427 568 1572 613 modis
1602 567 1842 622 iudicatur;

126 641 352 699 quaeritur
369 687 372 690 ,
389 641 509 686 enim
550 639 656 697 quid
695 639 778 684 sibi
821 638 925 683 velit
965 650 1032 682 VS.
1071 637 1177 693 1393
1210 639 1316 683 mihi
1346 641 1443 684 eius
1473 652 1632 684 sensus
1663 639 1843 684 minime

126 713 344 758 obscurus
390 711 580 766 videtur,
624 720 668 756 et
713 711 872 767 quivis,
918 718 1041 767 puto,
1084 722 1266 755 versum
1308 711 1484 755 citatum
1526 711 1676 768 legens
1709 709 1843 755 Vlitio

125 784 309 830 nostrati
349 784 624 841 assentietur,
665 783 739 839 qui
779 782 927 827 locum
968 782 1031 826 sic
1072 782 1384 838 interpretatus
1421 791 1513 826 est:
1550 794 1601 836 „a
1632 782 1844 839 gravibus

126 855 391 925 corporibus
446 865 663 912 agnosces
716 853 839 898 leves
895 852 975 911 (sc.
1029 852 1203 911 cursu):
1252 854 1501 911 gravissimi
1548 854 1667 898 enim
1714 852 1843 898 catuli

126 925 393 973 velocissimi
422 925 630 980 evadunt,
663 926 764 982 quia
795 924 958 970 scilicet
989 936 1048 969 ex
1079 925 1278 981 pondere
1309 925 1455 969 futura
1482 924 1658 969 illorum
1675 925 1842 982 magni·
1898 922 1917 939 ⁰

125 997 248 1054 tudo,
278 1010 339 1043 ex
367 997 668 1056 magnitudine
700 996 910 1041 velocitas
942 996 1282 1053 praesumitur.‘’

185 1067 519 1115 Wemsdorflus
549 1077 705 1114 eontra
736 1069 800 1112 sic
830 1067 1045 1125 explicat:
1072 1066 1271 1122 „poteris
1292 1079 1318 1111 e
1338 1066 1604 1123 corporibus
1620 1066 1842 1123 gravibus

126 1139 199 1187 vel
241 1141 297 1188 iis
341 1152 455 1198 quae
502 1139 873 1198 praeponderant,
912 1150 1219 1195 praenoscere
1259 1139 1334 1195 qui
1375 1138 1500 1182 leves
1540 1149 1678 1183 cursa
1707 1138 1842 1182 futuri

124 1213 224 1269 sint,
254 1224 416 1270 nempe
445 1212 640 1258 leviores
660 1210 903 1269 pondere”.
938 1211 1052 1256 Eum
1074 1220 1320 1268 sequuntur
1341 1209 1544 1256 Sternius
1574 1219 1617 1254 et
1637 1208 1841 1267 Fieglius.

127 1282 219 1330 Vix
247 1293 394 1330 tamen
425 1283 542 1329 dictu
573 1296 689 1341 opus
719 1293 785 1328 est
817 1283 930 1328 hanc
960 1284 1366 1340 interpretationem
1397 1281 1639 1326 admodum
1670 1290 1844 1326 contor-

125 1364 214 1400 tam
243 1367 358 1411 esse,
388 1367 535 1413 neque
566 1354 675 1400 haec
707 1353 909 1399 Sternius
930 1364 972 1399 et
996 1354 1185 1411 Fieglius
1207 1355 1483 1410 probassent,
1500 1354 1583 1397 nisi
1600 1353 1842 1398 voluissent

129 1424 449 1481 Nmoeianum
492 1427 611 1472 idem
653 1426 801 1471 dicere
833 1435 964 1483 atque
1001 1424 1240 1480 Grattium,
1272 1438 1404 1482 quern
1438 1434 1598 1480 tamen,
1630 1434 1677 1469 ut
1707 1437 1842 1482 supra

126 1496 434 1543 demonstrare
465 1507 649 1544 conatus
681 1510 795 1554 sum,
827 1499 870 1542 in
903 1498 985 1542 hac
1017 1509 1067 1542 re
1099 1509 1188 1542 non
1221 1497 1334 1542 bene
1364 1496 1683 1553 intellegebant.

187 1567 431 1615 Contendit
475 1571 608 1628 igitur
657 1568 955 1614 Nemesianus
997 1568 1423 1625 ponderosissimos
1460 1568 1639 1612 catulos
1674 1570 1842 1624 postea

125 1639 390 1686 levissimos
429 1653 567 1686 cursa
606 1642 633 1685 i.
680 1653 718 1686 e.
758 1641 1021 1686 celerrimos
1043 1640 1166 1698 fieri.
1203 1639 1331 1685 Haec
1363 1649 1482 1684 recta
1513 1639 1599 1684 loci
1629 1640 1844 1696 interpre-

126 1713 254 1768 tatio;
285 1712 365 1758 sed
396 1725 504 1758 num
535 1722 578 1758 et
610 1725 767 1757 verum
799 1722 865 1758 est
897 1712 1017 1770 quod
1049 1713 1149 1756 dicit
1182 1713 1326 1757 bonus
1358 1711 1694 1756 Nemesianus?

188 1781 370 1830 Graves
399 1784 528 1830 catuli
558 1785 741 1846 grandia
765 1785 964 1829 membra
981 1785 1253 1841 promittunt,
1271 1796 1360 1828 non
1378 1793 1524 1828 tamen
1543 1783 1841 1837 velocitatem;

125 1863 272 1912 potest
310 1854 405 1901 fleri
445 1864 492 1901 ut
530 1857 652 1902 canis
689 1858 893 1914 corporis
935 1858 1026 1901 vim
1067 1856 1223 1901 habeat
1265 1868 1486 1912 magnam,
1519 1863 1665 1899 careat
1695 1863 1841 1899 autern

126 1926 368 1972 velocitate.
404 1916 654 1985 Oppianus,
690 1926 867 1986 Cyneg.
902 1926 933 1972 1.
966 1926 1067 1972 423.
1099 1926 1187 1972 24:

303 1999 499 2054 κραιπνοὶ
532 1997 570 2041 δ’
600 2000 650 2041 οὐ
682 1997 942 2051 τελέθουσιν,
975 1999 1085 2054 ἀτὰρ
1114 1996 1235 2052 μένος
1268 1996 1415 2041 ἔνδοθι
1445 1995 1621 2050 πολλόν,

304 2071 376 2112 καὶ
407 2069 556 2119 σθένος
585 2072 816 2125 ἄφραστον,
849 2070 1057 2125 καθαρὸν,
1090 2070 1161 2110 καὶ
1193 2071 1329 2123 θυμὸς
1363 2069 1552 2123 ἀναιδής.

181 2140 508 2187 Nemesianum
549 2151 696 2187 autem
737 2154 762 2185 a
805 2151 1019 2186 venatore
1060 2141 1284 2185 audivisse
1321 2149 1394 2185 aut
1435 2153 1461 2186 e
1493 2141 1606 2186 libro
1639 2143 1841 2186 venatico

125 2213 326 2259 hausisse
369 2215 624 2272 opinionem
664 2226 790 2258 suam
833 2214 1123 2270 gravissimos
1164 2214 1331 2257 catulos
1362 2213 1620 2259 celerrimos
1650 2214 1842 2258 evadere

126 2284 234 2330 mihi
263 2285 443 2342 quidem
474 2285 715 2330 absurdum
749 2286 946 2340 videtur;
979 2297 1059 2329 cur
1090 2284 1199 2329 haec
1231 2284 1500 2329 contendere
1522 2286 1725 2342 potuerit,
1750 2295 1841 2330 tum

126 2356 307 2402 demum
346 2357 445 2402 luce
486 2357 646 2402 clarius
688 2356 746 2412 fit,
784 2358 820 2401 si
853 2357 1123 2401 assumimus
1156 2355 1475 2401 Nemesianum
1509 2356 1646 2401 verba
1681 2355 1842 2401 Grattii

125 2427 243 2476 levis
286 2427 479 2473 deducet
504 2428 710 2484 pondere
743 2426 925 2485 fratres
966 2429 1180 2473 imitatum
1221 2440 1323 2473 esse
1363 2440 1508 2484 neque
1549 2436 1696 2472 tamen
1728 2428 1840 2472 bene

125 2499 404 2545 intellexisse.
439 2497 561 2544 Cum
592 2500 710 2544 enim
742 2499 925 2557 legeret:
963 2499 1084 2554 „talis
1104 2501 1225 2544 canis
1241 2499 1399 2558 (qualis
1414 2501 1457 2544 in
1475 2500 1841 2557 praecedentibus

125 2570 405 2629 describitur)
443 2570 568 2615 leves
606 2571 766 2615 fratres
806 2571 1074 2628 superabit”,
1105 2573 1380 2627 sententiam,
1413 2580 1459 2615 ut
1491 2572 1555 2616 rei
1587 2572 1841 2616 venatoriae

125 2643 355 2700 imperitus
383 2651 492 2697 erat,
523 2643 567 2686 in
600 2642 717 2686 hunc
749 2643 933 2687 modum
964 2642 1198 2701 supplevit,
1231 2644 1356 2700 quasi
1378 2655 1469 2687 non
1487 2643 1542 2688 de
1557 2642 1606 2688 vi
1621 2642 1840 2699 corporis,

125 2714 206 2760 sed
245 2714 302 2759 de
340 2713 581 2759 velocitate
622 2715 901 2771 cogitavisset
950 2713 1163 2759 Grattius.
1214 2714 1334 2759 Nihil
1365 2724 1432 2759 est
1463 2715 1567 2772 quin
1600 2714 1713 2759 male
1744 2727 1841 2758 nar·

126 2785 267 2831 rando
306 2785 543 2843 depravari
585 2786 748 2843 possit!
793 2784 999 2830 Fortasse
1039 2786 1233 2831 studium
1270 2798 1450 2843 quoque
1482 2787 1632 2831 verbis
1662 2786 1840 2831 ludendi

121 2867 290 2914 graves
319 2856 489 2902 catulos
518 2856 643 2902 leves
674 2869 807 2902 cursu
839 2855 933 2901 lieri
963 2869 1067 2902 eum
1097 2857 1208 2903 haec
1237 2859 1433 2903 scribere
1464 2859 1620 2915 coegit.

184 2998 286 3045 300.
318 3011 417 3045 nec
456 3011 543 3045 me
583 2998 915 3056 pignoribus„
952 3012 1051 3046 nec
1092 3002 1147 3046 te
1189 3013 1313 3046 mea
1353 2999 1595 3045 earmina
1625 2998 1839 3044 fallent:

128 3069 382 3117 Vollmerus
422 3072 467 3115 in
506 3080 718 3130 apparatu
762 3073 914 3117 critico
954 3073 1008 3117 ad
1049 3074 1246 3130 priorem
1289 3085 1448 3118 versus
1491 3080 1660 3129 partem
1693 3080 1840 3116 mente

3 3126 22 3206 ’,ᾖ
63 3154 68 3159 ’
126 3143 322 3200 supplet:
359 3143 532 3197 „fefellit
562 3145 723 3198 cura’‘;
745 3143 903 3189 melius
924 3153 1065 3190 totum
1088 3157 1272 3190 versum
1292 3145 1355 3189 sic
1377 3145 1589 3190 construit
1612 3141 1838 3188 Sternius:
