2210 3568
925 205 977 251 13

16 387 17 390 τ
54 311 122 382 }'·:'
115 332 466 396 gaggai-ibus:
499 337 736 391 montibus»,
769 336 822 381 ci.
857 335 992 394 Verg.
1028 336 1139 382 Aen
1174 336 1374 382 V1.833
1404 337 1651 394 aggeribus
1680 348 1812 383 socer

65 423 77 467 35
68 406 281 468 Alpinis
308 409 449 464 atque
477 418 584 452 arce
613 407 826 452 Monoeci
855 410 875 459 s
904 407 1190 452 descendens

65 486 71 514 ἴ
121 479 409 524 matres..
427 512 438 523 .
492 479 796 524 attrectare
825 478 1070 523 deorum·
1102 479 1259 532 (ausi)
1291 482 1535 525 attrectare
1565 482 1629 526 sic
1661 482 1811 538 utique

51 539 422 598 ἐιειιιιοῐιιίοῐκίιιιιι
452 558 519 596 est
549 561 633 607 pro
664 549 986 594 ausitirectare
1000 562 1017 602 ,·
1046 551 1133 594 iam
1160 550 1383 608 Hauptius
1399 552 1548 596 docuit
1566 563 1598 596 a
1624 551 1810 597 litteram

0 616 1 642 ³
54 619 71 674 ζ
90 622 272 679 saepius
299 621 533 676 excidisse,
566 633 631 665 vs.
663 619 694 664 2
723 620 850 676 dian,
891 620 972 664 128
1000 620 1184 676 plurim,
1216 621 1305 666 205
1339 623 1564 679 inventur,
1596 623 1684 668 357
1708 634 1812 680 pur,

91 691 151 745 cf.
182 691 486 747 Schenklium,
516 703 574 736 zu
608 689 825 746 Grattius,
858 704 902 748 p.
933 691 1033 736 424.
1069 691 1207 737 Poeta
1234 693 1290 737 de
1312 693 1508 739 Aloadis
1525 695 1811 740 venatoribus

56 764 269 832 'eagina
313 762 368 808 cf.
415 761 622 820 Apollod.
678 762 709 806 Ι.
758 762 798 806 7.
847 762 890 817 4,
937 764 1011 819 qui
1058 773 1293 820 postquam
1329 765 1438 809 dixit
1473 778 1553 811 eos
1589 767 1813 812 montibus

47 843 54 849 ·“
88 835 372 894 exaggeratis
410 833 582 879 caelum
614 834 916 878 conscendere
948 847 1083 879 ausos
1114 847 1214 880 esse
1244 837 1302 880 ita
1334 838 1500 894 pergit:
1539 839 1724 892 ἐμνῶντο
1769 837 1813 880 δὲ

92 903 330 961 Ἐφιάλτης
357 906 432 959 μὲν
458 903 608 960 ‘'Heav
650 899 799 957 ,Ὦτος
829 904 874 947 δὲ
901 904 1110 961 Ἄρτεμιν.

127 1023 227 1095 Ι65.
256 1047 430 1094 silvas
458 1052 479 1102 l
509 1047 848 1103 impulerint:
880 1049 934 1094 cl'.
969 1062 1034 1096 vs.
1067 1049 1109 1094 3.

119 1190 226 1236 66
271 1189 529 1248 Sequuntur
574 1191 780 1248 exempla
826 1204 998 1247 eorum,
1045 1194 1134 1250 qui,
1183 1205 1451 1250 quamquam
1484 1195 1639 1238 armati
1671 1203 1811 1249 erant,

4 1268 7 1270 “
42 1272 45 1274 ·
88 1240 167 1322 (cf.
215 1274 282 1308 vs,
328 1261 388 1307 68
430 1262 722 1319 geminisque
767 1263 1006 1307 securibus
1055 1264 1237 1322 ingens)
1284 1267 1433 1309 artem
1477 1266 1739 1322 ignorabant
1769 1275 1814 1311 et

75 1346 194 1381 ·eam
224 1334 284 1380 ob
313 1345 493 1379 causam
524 1335 764 1392 perierunt,
797 1334 850 1379 cf.
883 1347 997 1392 quae
1029 1336 1084 1379 ad
1108 1348 1183 1381 νε.
1215 1335 1245 1380 2
1277 1336 1496 1381 adnotavi.

0 3138 30 3187 ἐξ

0 3172 12 3210 {³
18 3173 29 3203 <J

5 3198 25 3222 ,Β

0 3218 32 3254 *5³⁸

154 1405 396 1451 Adonin:
445 1405 631 1461 Adonis,
680 1406 871 1451 Veneris
914 1407 1108 1463 deliciae,
1150 1419 1390 1464 percussus
1432 1418 1498 1453 est
1541 1410 1595 1453 ab
1626 1420 1737 1466 apro
1767 1410 1812 1452 in

42 1475 44 1478 ’
94 1486 246 1523 monte
277 1476 430 1533 Idalio,
462 1477 518 1523 cf.
552 1477 755 1535 Propert.
792 1477 845 1522 11.
880 1478 943 1522 13.
967 1478 1104 1533 53s54
1125 1479 1262 1523 testis
1282 1479 1359 1524 cui
1378 1479 1564 1525 niveum
1580 1479 1813 1536 quondam

2 1574 40 1614 ῃ
88 1548 324 1606 percussit
354 1548 564 1594 Adonem
594 1552 614 1604 s
644 1553 901 1594 venante
915 1562 960 1594 m
992 1550 1142 1595 Idalio
1173 1551 1342 1595 vertice
1371 1551 1517 1596 durus
1547 1563 1671 1608 aper.

153 1619 269 1667 flet.
288 1655 299 1664 .
317 1653 328 1665 .
352 1625 374 1674 Ι
397 1655 407 1664 .
427 1653 438 1664 .
458 1655 466 1664 .
479 1619 691 1666 Venus:
725 1620 778 1665 cf.
813 1620 970 1666 Bionis
985 1623 1213 1676 ἐπιτάφιον
1229 1621 1479 1675 Ἀδωνίδος,·
1495 1622 1554 1667 64
1585 1622 1768 1676 δάκρυον
1784 1624 1813 1663 οἱ

93 1693 253 1748 Παφία
293 1692 447 1734 τόσσον
494 1691 591 1749 χέει,
635 1693 758 1733 ὅσσον
801 1691 986 1741 ’Ἀδωνις
1030 1690 1159 1748 jaina
1206 1693 1297 1749 χέει.
1340 1695 1447 1740 Flet
1477 1694 1641 1750 adhuc,
1674 1696 1814 1751 inquit

2 1754 42 1824 [J
94 1773 239 1823 poeta,
285 1766 332 1809 et
371 1774 512 1820 porro
549 1763 686 1821 flebit
732 1764 919 1809 Adonin
949 1765 1071 1809 vicia
1110 1765 1257 1811 Venus
1292 1766 1524 1820 „Adonia”
1557 1767 1811 1824 respiciens,

7 1850 39 1891 ss
95 1836 216 1895 quod
267 1835 430 1882 festum
473 1833 640 1881 Graeci
682 1838 918 1893 quotannis
964 1846 1128 1882 aestate
1175 1838 1470 1893 celebrabant,
1518 1837 1573 1883 cf.
1621 1836 1811 1883 Theocr.

90 1907 222 1966 dell.
262 1907 329 1963 15,
363 1905 501 1953 ovid.
536 1907 718 1953 Metam.
753 1907 806 1952 X.
839 1908 941 1953 713.

155 2049 229 2096 67.
256 2049 547 2107 ceciditque
562 2051 676 2095 suis
695 2033 946 2096 Ancaeus
962 2051 1017 2095 in
1035 2053 1209 2098 arvis:
1228 2054 1427 2111 plerique
1443 2062 1815 2099 commentatores

94 2130 141 2168 ct
185 2121 395 2178 editores,
440 2124 554 2167 inter
600 2135 715 2180 quos
766 2113 989 2181 Hauptius
1035 2134 1077 2169 et
1125 2124 1442 2181 Baehrensius‚
1490 2126 1700 2182 putabant
1745 2124 1815 2169 hic

0 2243 2 2253 ,
27 2239 30 2242 ,
94 2205 353 2239 sermonem
400 2206 501 2240 esse
546 2195 602 2239 de
649 2194 836 2239 Ancaeo
883 2194 1076 2251 Arcade,
1107 2196 1163 2240 de
1195 2208 1285 2253 quo
1318 2196 1568 2254 Euripides,
1601 2195 1814 2253 Meleagr.

96 2264 253 2322 ftagm.
301 2264 402 2310 534.
435 2265 464 2310 5
496 2264 634 2324 (quod
666 2265 961 2324 fragmentum
991 2269 1189 2312 servavit
1222 2267 1496 2324 Macrobius,
1529 2267 1619 2314 Sat.
1654 2267 1710 2312 V.
1750 2267 1813 2312 18.

104 2334 176 2395 17)
205 2336 329 2391 haec,
361 2336 486 2382 dicit:
529 2335 735 2386 πελέκεως
766 2336 809 2379 δὲ
840 2337 1071 2392 δίστομον]
1086 2338 1211 2390 γένυν
1242 2337 1393 2381 {noem-²
1422 2339 1651 2395 :anatot-‚³5
1676 2338 1813 2384 Ovid.

3 2406 37 2463 24³
99 2406 306 2473 Metam„
328 2406 435 2453 VIII
467 2407 549 2452 391
588 2420 690 2453 ecce
711 2407 885 2466 furens
915 2413 1075 2454 contra
1106 2421 1196 2454 sua
1217 2409 1332 2467 fata
1362 2409 1627 2468 bipennifer
1656 2410 1814 2454 Arcas.

158 2477 234 2525 Sic
264 2487 410 2524 tamen
443 2479 683 2524 haerebant
714 2482 758 2524 in
793 2482 941 2526 verbis
971 2482 1074 2525 suis
1106 2481 1155 2527 in
1185 2482 1327 2537 arvis,
1359 2494 1442 2540 pro
1464 2494 1553 2539 quo
1575 2494 1676 2526 curn
1700 2480 1816 2525 Dan.

102 2549 293 2596 Heinsio
338 2550 442 2596 suis
487 2551 537 2596 in
583 2552 729 2596 armis
775 2554 1077 2610 corrigebant:
1125 2566 1229 2598 nam
1262 2553 1506 2609 Ancaeum,
1538 2553 1683 2598 Arcas
1714 2564 1815 2597 cum

2 2638 30 2666 '1
97 2631 231 2679 esset,
268 2622 324 2667 ab
356 2635 467 2680 apro
499 2633 702 2668 necatum
734 2635 835 2668 esse
866 2625 910 2668 in
942 2627 1060 2682 agris
1093 2624 1288 2681 Aetolis,
1321 2638 1410 2670 non
1433 2628 1476 2670 in
1497 2625 1613 2670 suis.
1649 2624 1817 2682 Quam-

48 2747 51 2750 ,
98 2705 234 2751 quam
278 2694 367 2738 iam
400 2693 610 2739 Barthius
640 2687 804 2740 scieba't
845 2707 940 2740 non
986 2707 1128 2741 unum
1164 2695 1328 2754 fuisse
1359 2697 1618 2751 Ancaeum;
1652 2707 1815 2753 „porro

1 2816 14 2823 -
37 2783 41 2811 1
100 2776 183 2810 nec
213 2764 319 2810 illud
348 2765 690 2823 negligendum‘'
722 2767 872 2811 scribit
905 2768 948 2811 in
979 2767 1172 2813 editione
1209 2770 1312 2813 anni
1341 2768 1452 2812 1613
1479 2770 1596 2823 „suis
1618 2769 1661 2811 in
1684 2767 1818 2811 armis

3 2830 38 2887 'J-
101 2835 332 2882 Ancaeum
378 2838 574 2883 occisum
622 2850 735 2893 esse,
784 2847 879 2883 erat
925 2840 1044 2884 enim
1085 2841 1180 2884 eius
1211 2842 1368 2885 vineae
1399 2841 1620 2895 dominus,
1652 2841 1696 2883 in
1728 2849 1817 2894 quo

2 2898 27 2962 {g
82 2907 157 2953 -ab
212 2919 337 2965 apros
369 2909 659 2967 interemptus
706 2919 787 2965 est,
836 2911 924 2955 vid.
974 2909 1164 2956 Tzetzae
1210 2912 1377 2956 scholia
1424 2912 1479 2956 ad
1528 2910 1815 2968 Lycophron.

105 2975 408 3024 Cassandram
440 2993 506 3026 vs,
539 2980 671 3025 488’‘.
1091 2994 1100 3000 ·

164 3048 383 3108 Loquitur
429 3061 576 3097 autem
628 3051 847 3109 Grattius,
880 3063 926 3098 ut
957 3064 1023 3099 est
1055 3067 1208 3099 amans
1240 3055 1489 3100 fabularum
1523 3055 1667 3098 minus
1699 3062 1819 3098 nota-

103 3131 219 3178 rum,
250 3123 307 3168 de
339 3122 524 3168 Ancaeo
555 3123 819 3169 Samiorum
849 3136 966 3181 rege.
