2210 3568
1231 290 1288 333 32

405 418 707 463 celebrabatur
764 417 1058 474 (483—495);
1095 404 1292 476 *saepius
1351 429 1589 465 occurrunt
1634 421 1813 465 nomina
1860 421 2019 476 Italica,
2066 431 2113 468 ut

410 488 610 533 Caudini
653 500 762 533 saxa
813 487 1010 532 Taburni
1050 488 1188 545 (509),
1224 489 1480 546 GarganuS,
1511 490 1654 546 Alpes
1684 491 1929 547 Ligurinae
1961 493 2111 551 (510);

408 572 432 603 a
465 571 598 604 versu
629 559 718 603 539
747 560 896 615 incipit
925 559 1032 603 laus
1063 559 1242 613 Italiae,
1273 573 1386 617 quae
1417 570 1562 605 tamen
1594 571 1682 606 tota
1712 561 1807 608 fere
1837 564 1977 620 periit.

468 629 544 674 Est
589 639 631 674 et
671 630 780 674 alius
822 630 945 674 locus
980 630 1254 689 (430—463)
1286 633 1409 676 cuius
1440 633 1655 688 originem
1687 632 1874 679 fortasse
1903 634 2112 692 indagare

406 713 657 758 possumus.
720 700 1077 757 Descriptionem
1121 702 1358 759 speluncae
1401 701 1574 747 Siculae
1605 703 1704 748 dico
1736 704 1810 749 ubi
1840 704 2025 763 legimus
2055 706 2111 750 de

408 772 618 816 miraculo
651 771 843 828 quodam
875 773 1015 828 ignis:

704 842 772 885 hic
806 842 940 897 (dictu
972 843 1132 886 mirum
1164 853 1295 900 atque
1326 843 1431 889 alias
1462 845 1653 901 ignobile
1685 847 1948 903 monstrum)

703 913 906 957 adversis
952 915 1159 970 specibus
1204 923 1425 971 ruptoque
1470 927 1496 959 e
1543 925 1724 972 pectore
1770 910 1931 962 montis

706 985 826 1028 venit
856 996 1000 1030 ovans
1032 983 1206 1029 Austris
1237 994 1279 1029 et
1310 985 1447 1030 multo
1477 985 1672 1037 flamine
1694 986 1937 1043 fllammae

702 1056 859 1099 emicat
891 1056 985 1111 ipse

467 1125 517 1169 ln
563 1127 879 1170 commentario
925 1127 1042 1170 enim
1090 1127 1394 1172 demonstrare
1425 1137 1607 1172 conatus
1637 1141 1736 1172 sum
1772 1128 1995 1175 Grattium
2025 1129 2111 1175 hoc

405 1196 505 1241 loco
551 1208 609 1240 ex
664 1195 859 1240 Varrone
904 1197 1118 1242 hausisse.
1152 1198 1389 1243 Praeterea
1422 1199 1630 1242 Lucretio
1660 1212 1768 1244 usus
1798 1209 1878 1255 est,
1909 1199 1964 1245 cf.
1995 1211 2110 1246 com·

323 1267 328 1272 '
410 1276 592 1311 mentar.
625 1267 680 1310 ad
712 1279 778 1311 vs.
812 1267 900 1311 375
932 1280 1025 1324 seq.

467 1337 535 1381 Ex
582 1349 716 1381 versu
763 1337 851 1380 423
897 1350 1114 1395 apparere
1146 1339 1320 1383 videtur
1351 1349 1526 1396 poetam
1557 1341 1686 1384 etiam
1720 1339 1941 1386 Catonem
1970 1342 2113 1400 inspe-

406 1409 540 1453 xisse.
574 1407 781 1453 Fortasse
812 1409 1014 1453 Enniam
1046 1422 1222 1466 quoque
1253 1409 1324 1454 hic
1356 1410 1439 1454 illic
1455 1411 1643 1455 imitatus
1663 1420 1743 1467 est,
1756 1411 1812 1456 cf.
1828 1424 1962 1470 supra
1977 1425 2020 1470 p.
2037 1412 2109 1458 30.

766 1568 806 1612 4.
871 1566 1277 1613 De-hexametri
1310 1569 1503 1614 Grattii
1535 1571 1746 1616 natura.

470 1707 670 1753 Grattius
700 1711 789 1765 qui,
823 1719 868 1753 ut
899 1721 1055 1754 omnes
1086 1711 1347 1766 concedunt,
1379 1713 1443 1755 rei
1474 1713 1681 1756 metricae
1712 1713 2000 1769 peritissimus
2028 1722 2108 1768 est,

403 1779 558 1823 sedulo
600 1791 782 1836 operam
822 1780 907 1835 dat,
939 1790 984 1824 ut
1015 1781 1175 1838 dactyli
1204 1791 1247 1826 et
1277 1782 1462 1838 spondei
1494 1782 1670 1827 alternis
1701 1783 1870 1828 vicibus
1899 1784 1943 1828 in
1974 1795 2109 1829 versu

405 1859 638 1906 ponantur.

466 1920 548 1964 Vir
579 1920 735 1965 doctus
770 1919 939 1966 Curcio
972 1923 1140 1978 primos
1171 1932 1347 1967 centum
1381 1936 1539 1969 versus
1569 1925 1860 1969 examinavit:

415 1991 450 2035 l.
486 1990 612 2035 Dsss.

589 2062 718 2106 Dona
751 2074 862 2106 cano
894 2063 1044 2107 divom
1077 2063 1209 2107 laetas
1242 2065 1502 2109 venantibus
1533 2066 1636 2109 artis

589 2134 622 2176 l.
655 2132 696 2176 3.
745 2133 808 2177 13.
841 2133 912 2178 20.
946 2133 1017 2178 30.
1050 2133 1122 2177 36.
1154 2134 1224 2178 47.
1257 2134 1329 2178 52.
1359 2134 1431 2179 58.
1458 2134 1529 2179 59.
1558 2135 1628 2181 60.
1657 2135 1728 2180 64.
1757 2135 1829 2180 70.
1857 2135 1928 2180 72.
1956 2134 2027 2181 78.
2049 2135 2108 2180 98

404 2260 448 2305 2·
481 2262 648 2377 ddss‘l'e
678 2334 857 2387 sociam,
892 2333 1033 2388 Ratio,
1066 2335 1198 2379 rebus
1228 2347 1460 2392 sumpsere
1491 2335 1695 2392 gerendis

579 2402 623 2447 6.
661 2403 725 2447 15.
757 2403 828 2447 21.
860 2403 932 2448 23.
964 2404 1035 2448 25.
1068 2405 1140 2449 34.
1172 2405 1244 2450 42.
1276 2406 1347 2450 49.
1379 2406 1452 2450 62.
1484 2405 1557 2450 66.
1587 2405 1659 2450 87.
1690 2405 1750 2450 99

403 2534 448 2579 3·
481 2533 691 2647 deSl-{ete
723 2603 854 2648 velim
887 2603 1115 2660 plenisque
1147 2605 1302 2650 decem
1334 2617 1605 2662 consurgere
1637 2605 1765 2650 nodis

581 2672 653 2717 32.
684 2673 756 2718 53.
788 2674 858 2717 55.
891 2674 962 2718 61.
995 2674 1067 2718 63.
1098 2675 1170 2719 69.
1201 2675 1274 2720 80.
1305 2676 1375 2720 94.
1408 2676 1481 2721 96.
1512 2676 1585 2721 97.
1623 2675 1705 2720 100

460 2815 538 2859 Ex
569 2824 743 2860 centum
775 2816 905 2872 igitur
937 2816 1138 2860 versibus
1171 2816 1228 2859 40
1259 2829 1356 2861 eam
1392 2817 1580 2862 formam
1603 2817 1780 2872 habent,
1800 2828 1930 2873 quam
1953 2818 2106 2874 optimi

403 2895 560 2943 poetae
592 2886 782 2929 maxime
812 2887 855 2928 in
888 2885 1051 2930 deliciis
1083 2887 1341 2931 habuerunt.

994 3044 1203 3089 Versibus
1232 3046 1498 3101 spondiacis

463 3186 554 3218 non
587 3175 719 3218 utitur
754 3172 968 3218 Grattius.
