2210 3568
688 605 1319 663 PROLEGOMENA.

863 780 1150 787 ——--—

561 943 599 977 1.
663 928 986 991 Decri-attio
1016 927 1237 983 eiusque
1269 937 1447 981 opere.

202 1064 427 1123 Quamvis
463 1063 587 1109 multi
627 1070 786 1120 poetae
822 1060 995 1106 Rornae
1036 1068 1260 1114 canerent,
1300 1059 1438 1115 inquit
1483 1055 1678 1102 Ovidius
1713 1055 1866 1100 ultimo

19 1160 23 1164 ·
139 1138 339 1184 carmine
369 1135 513 1192 quarti
542 1146 603 1180 ex
633 1133 781 1179 Ponto
812 1132 926 1187 libri,

229 1208 258 1253 5
289 1217 484 1263 cumque
503 1203 635 1264 foret
667 1204 857 1250 Marsus
889 1201 1138 1259 magnique
1170 1198 1388 1246 Rabirius
1418 1199 1514 1248 oris

202 1338 261 1384 34
353 1340 558 1403 aptaque
586 1335 837 1381 venanti
869 1333 1147 1380 Grattius
1176 1344 1338 1378 arma
1369 1332 1540 1376 daret

202 1469 262 1515 45
293 1468 446 1515 dicere
479 1467 526 1512 si
559 1465 650 1526 fas
689 1470 775 1523 est,
812 1468 938 1511 claro
980 1477 1085 1511 mea
1126 1463 1314 1509 nomine
1356 1463 1497 1508 Musa

348 1543 504 1597 atque,
536 1539 658 1585 inter
687 1541 845 1583 tantos
876 1548 996 1594 quae
1026 1536 1266 1593 legeretur,
1298 1538 1410 1579 erat.

208 1671 275 1718 En
317 1672 475 1718 unicus
515 1671 642 1717 locus
674 1672 718 1715 in
758 1670 911 1716 litteris
951 1669 1156 1726 antiquiS,
1199 1667 1274 1712 ubi
1311 1677 1464 1711 sermo
1504 1674 1570 1709 est
1601 1663 1658 1710 de
1693 1662 1870 1709 Grattio

27 1729 49 1758 a
113 1782 116 1784 ,
140 1753 295 1802 poem
344 1755 405 1789 ne·
431 1755 597 1788 nomen
629 1741 809 1800 quidem
840 1742 938 1786 eius
967 1741 1098 1786 nobis
1129 1738 1440 1794 manuscriptis
1474 1735 1723 1792 OvidianiS‚
1755 1747 1870 1793 quae

145 1813 337 1862 Gratias
375 1813 602 1870 exhibent,
643 1822 763 1859 recte
801 1812 1008 1858 traditum
1038 1821 1118 1856 est.
1184 1809 1490 1855 Buechelerus
1521 1809 1691 1866 primus
1721 1808 1871 1852 docuit

142 1895 320 1945 poetam
365 1897 456 1932 non
506 1883 731 1940 Gratiam,
777 1884 858 1929 sed
908 1882 1138 1929 Grattiam
1185 1880 1397 1939 appellari
1445 1879 1623 1936 (Rhein.
1658 1878 1778 1924 Mus.
1810 1867 1900 1923 35'

135 1949 299 2021 >[1889]
330 1970 375 2016 p.
406 1955 532 2014 407),
563 1955 620 2002 ci.
655 1954 713 2001 C.
748 1955 779 2001 1.
813 1954 865 2001 L.
900 1954 977 2011 Vl,
1017 1953 1157 2010 19117
1189 1966 1255 2010 sq.

199 2027 248 2075 Si
293 2030 394 2087 quis
433 2028 565 2086 igitur
595 2027 723 2086 plura
754 2027 811 2072 de
845 2025 1024 2072 Granio
1054 2026 1170 2070 scire
1201 2025 1309 2079 vult,
1341 2023 1447 2068 nihil
1478 2024 1519 2068 ei
1549 2031 1686 2068 restat
1716 2023 1800 2067 nisi
1824 2031 1871 2065 ut

138 2101 286 2160 ipsum
332 2111 515 2146 carmen
553 2108 755 2144 accurate
796 2107 1113 2156 perscrutetur,
1154 2097 1275 2154 quod
1315 2106 1463 2141 tamen
1505 2107 1588 2140 nos
1628 2094 1870 2139 admodum

3 2159 29 2186 ⁹
107 2197 109 2199 ·
139 2181 281 2230 pauca
309 2172 480 2218 doceat.
529 2170 732 2216 Primum
767 2169 1012 2224 videamus,
1039 2181 1154 2226 quae
1190 2168 1320 2213 fuerit
1355 2166 1519 2212 Grattii
1541 2168 1695 2224 patria,
1717 2168 1760 2210 in
1783 2179 1869 2223 qua

141 2255 193 2290 re
222 2242 530 2301 investiganda
560 2241 933 2299 proficiscendum
967 2242 1022 2286 ab
1052 2242 1106 2286 iis
1137 2241 1357 2296 versibus,
1389 2240 1549 2298 quibus
1571 2239 1627 2284 de
1648 2239 1738 2284 lino
1760 2239 1869 2295 agit:

202 2314 263 2359 35
521 2315 666 2359 bonus
698 2314 854 2358 Aeolia
886 2314 942 2358 de
974 2313 1089 2358 valle
1121 2312 1318 2370 Sibyllae

201 2385 262 2430 36
292 2384 408 2430 fetus
447 2395 490 2430 et
531 2387 684 2443 aprico
725 2384 979 2430 Tuscorum
1011 2394 1198 2442 stuppea
1229 2397 1390 2442 campo

293 2457 452 2502 messis
482 2457 739 2514 contiguom
770 2457 961 2502 sorbens
991 2457 1048 2501 de
1079 2455 1260 2501 flumine
1290 2468 1443 2501 rorem

293 2539 381 2585 qua
411 2527 555 2573 cultor
588 2526 700 2572 Latii
732 2540 814 2585 per
844 2540 986 2586 opaca
1018 2528 1188 2573 silentia
1220 2527 1420 2585 Thybris

291 2599 450 2644 labitur
480 2600 615 2656 inque
645 2600 770 2644 sinus
801 2612 965 2656 magno
999 2601 1118 2645 venit
1149 2612 1229 2644 ore
1260 2601 1471 2645 marinos.

202 2669 262 2715 40
292 2680 336 2715 at
365 2680 521 2716 contra
552 2670 728 2715 nostris
758 2671 932 2715 inbellia
964 2671 1051 2716 lina
1083 2670 1282 2716 Faliscis

289 2741 577 2799 >Hispanique
623 2742 709 2787 alio
740 2751 994 2799 spectantur
1025 2741 1226 2788 Saetabis
1258 2755 1355 2787 usu.

205 2812 526 2871 Unusquisque
556 2813 626 2858 his
659 2814 864 2858 versibus
895 2823 1056 2859 attente
1088 2815 1351 2859 examinatis
1383 2813 1570 2858 Barthio
1602 2812 1816 2859 concedet
1842 2823 1869 2856 e
1945 2818 1951 2826 ·

142 2895 279 2929 versu
324 2884 384 2929 40
428 2893 581 2942 patere
631 2893 809 2942 poetam
858 2884 1037 2930 Faliscis
1078 2886 1323 2940 habitasse3
1365 2898 1511 2942 neque
1546 2886 1664 2931 enim
1696 2882 1870 2928 nostris

143 2954 341 3000 Faliscis
384 2956 582 3012 dixisset,
633 2957 670 3001 si
712 2956 798 3001 hoc
835 2957 980 3002 solum
1023 2957 1236 3003 voluisset
1282 2956 1481 3001 Faliscis
1526 2956 1718 3011 Italicis,
1765 2967 1867 2999 cum

144 3027 276 3071 etiam
307 3028 512 3073 versibus
543 3028 913 3085 praecedentibus
944 3041 1095 3074 sermo
1116 3039 1234 3074 esset
1255 3029 1312 3074 de
1333 3029 1510 3074 Italicis
1526 3028 1797 3086 regionibuS,
1812 3027 1869 3072 de

148 3095 297 3142 Cuma
324 3099 443 3144 etde
469 3100 638 3157 campis
668 3099 885 3154 Etruriae,
914 3112 1060 3157 neque
1097 3102 1240 3158 putari
1255 3111 1401 3158 potest
1422 3100 1617 3146 Faliscos
1639 3098 1867 3156 Hispanis,

145 3170 220 3225 qui
251 3179 351 3226 post
383 3169 579 3216 Faliscos
609 3173 908 3224 nominantur,
925 3174 1205 3230 opposuisse,
1227 3173 1270 3217 id
1292 3173 1413 3230 quod
1436 3174 1505 3219 vir
1522 3172 1678 3218 doctus
1697 3169 1869 3216 Curcio
