2210 3568
981 219 1032 264 17

43 334 79 408 „J
159 371 163 378 ·
201 346 265 397 2³
325 350 526 396 carmine
557 357 601 397 et
632 360 756 397 arma
786 349 902 397 dabo
933 358 976 395 et
1008 350 1198 395 venandi
1229 362 1473 408 persequar
1502 352 1608 396 artis

69 429 80 459 ,ὲ
158 446 161 452 ι
201 418 263 471 24
328 432 559 470 armorum
589 432 740 467 casses
770 420 990 480 plagiique
1019 421 1228 466 exordiar
1257 423 1362 466 estis
1402 479 1405 482 ἱ

56 510 60 517 ·
587 492 646 539 de
676 492 843 538 retibus
872 490 1158 539 conficiendis

201 561 263 608 25
323 562 476 609 Prima
506 563 658 611 iubent
688 564 807 609 tenui
837 571 1093 609 nascentem
1122 565 1307 621 iungere
1338 563 1410 609 filo

196 634 258 680 26
316 634 503 683 limbum
1351 653 1355 656 ·

0 751 1 755 ,
64 744 66 746 .
100 746 107 762 ,
201 704 354 763 Vulgo
383 717 566 753 versum
595 705 655 751 24
686 717 788 752 cum
821 717 957 752 versu
986 704 1046 750 23
1076 706 1435 764 coniungendum
1465 719 1565 753 esse
1586 709 1666 753 rati
1687 718 1855 754 textum

56 772 72 778 ’
99 786 103 790 ·
134 777 202 824 sic
231 777 522 825 constituunt:

193 847 255 894 23
320 849 519 894 carmine
549 856 593 893 et
624 860 747 892 arma
778 848 895 893 dabo
925 847 1117 893 venanti
1147 850 1193 892 et
1213 848 1247 906 ¹)
1276 861 1520 907 persequar
1552 852 1656 895 artis

194 918 255 964 24
318 931 579 965 armorum:
612 931 762 964 casses
791 919 1011 977 plagiique
1039 920 1257 965 exordiar
1285 924 1432 966 astus.
1459 921 1505 979 ςΙ).

169 989 254 1036 ·25
298 989 472 1036 -Prima
503 991 654 1038 iubent
684 992 806 1037 tenui
835 1000 1091 1037 nascentem
1122 992 1307 1049 iungere
1336 992 1409 1037 filo

193 1061 254 1107 26
314 1062 496 1108 limbum
688 1073 693 1076 ·

197 1132 488 1192 Quamnam
539 1133 659 1180 Vlitii
704 1135 957 1181 coniectura
1003 1134 1181 1181 defendi
1226 1144 1370 1193 potest
1416 1146 1672 1194 comparato
1718 1149 1853 1182 versu

54 1231 55 1242 2
135 1203 292 1257 Ovidii
326 1205 404 1265 (ex
451 1205 599 1253 Ponto
648 1205 724 1253 1v.
764 1205 830 1251 16.
861 1205 939 1265 34>
968 1217 1093 1252 cum.
1111 1240 1150 1251 ..
1190 1209 1394 1263 aptaque
1422 1208 1614 1252 venanti
1645 1206 1855 1253 Grattius

54 1276 56 1278 ’
132 1287 267 1325 arma
327 1277 474 1333 daret,
536 1286 682 1325 tamen
744 1277 974 1336 complura
1035 1279 1224 1334 obstant,
1281 1280 1520 1336 quominus
1569 1280 1632 1325 sic
1683 1288 1852 1326 textum

107 1349 461 1406 constituamus.

190 1419 397 1468 Primum
432 1433 593 1468 versus
622 1420 696 1476 23,
728 1421 903 1479 qualem
925 1421 1102 1467 codices
1125 1421 1350 1478 exhibent,
1367 1422 1552 1479 pulchre
1572 1425 1851 1480 prooemium

48 1486 52 1495 ‘
133 1490 319 1546 claudit;
351 1503 498 1549 neque
527 1502 840 1550 exspectamus
871 1504 1054 1539 versum
1086 1494 1239 1550 augeri
1271 1505 1384 1538 voce
1414 1505 1660 1540 armorum.

194 1562 449 1619 Praeterea,
487 1565 525 1609 si
557 1576 694 1610 versu
723 1563 783 1611 24
813 1564 1032 1610 exordiar
1060 1567 1197 1609 astas
1225 1565 1460 1610 scribimus
1490 1578 1763 1623 versumque
1792 1566 1850 1611 25

131 1645 157 1678 a
196 1627 478 1692 praecedenti
523 1647 797 1693 separamuS,
830 1636 1189 1682 molestissimum
1218 1645 1286 1681 est
1316 1637 1582 1682 vocabulum
1610 1637 1776 1694 prima,
1806 1639 1850 1683 id

56 1724 59 1730 ·
130 1705 252 1763 quod
299 1707 464 1763 optime
510 1709 738 1765 perspexit
786 1707 1040 1753 Vollmer-us
1085 1706 1265 1766 (Musee
1312 1707 1452 1767 Belge
1498 1708 1623 1754 1898.
1655 1722 1698 1767 p.
1729 1709 1848 1769 232).

48 1781 56 1787 ”
135 1775 235 1835 Qui
275 1777 340 1822 sic
386 1777 600 1835 disputat:
646 1777 799 1834 „Quid
844 1780 928 1824 sibi
959 1779 1052 1824 vult
1083 1779 1188 1824 illud
1217 1779 1404 1835 prima?
1435 1780 1527 1825 Pro
1559 1782 1772 1827 adverbio
1803 1792 1849 1827 ut

130 1848 307 1896 videtur
356 1850 559 1905 sumitur,
610 1850 691 1895 sed
739 1862 825 1908 ego
872 1863 988 1908 nego
1035 1851 1152 1896 hunc
1201 1864 1332 1897 usum
1378 1865 1479 1898 esse
1525 1852 1743 1898 Latinum.
1791 1854 1849 1899 At

53 1928 59 1945 ³·
132 1919 300 1969 valerii
347 1919 490 1970 Flacci
536 1933 720 1967 versum
766 1924 960 1979 primum
1007 1923 1251 1969 adversarii
1298 1922 1542 1981 proferunt.
1577 1924 1682 1970 Non
1714 1934 1846 1970 recte.

37 1999 46 2010 ’·
133 1990 198 2039 Ibi
237 1993 356 2038 enim
387 1993 540 2048 prima
570 1995 759 2051 pertinet
789 2006 875 2040 usu
905 2004 1013 2040 noto
1044 1995 1100 2040 ad
1121 1993 1267 2052 freta.
1300 1994 1469 2053 [prima
1497 1995 1635 2041 deum
1665 1997 1850 2053 magnis

131 2063 347 2108 canimus
383 2062 517 2121 freta
550 2065 713 2121 pervia
742 2065 884 2121 natiS,
915 2065 968 2111 cf.
1002 2065 1315 2124 Argonautica,
1349 2065 1426 2111 VI.
1458 2066 1571 2121 686;
1604 2066 1681 2113 Sil.
1713 2067 1845 2113 Italic.

43 2140 57 2190 :1¹
131 2133 286 2185 Punic.
323 2134 400 2183 1v.
440 2135 565 2194 167];
595 2137 676 2182 sed
706 2149 764 2182 ne
795 2137 970 2195 longior
998 2138 1106 2182 sim:
1137 2138 1289 2193 prima
1318 2139 1450 2183 etiam
1481 2150 1506 2183 a
1535 2137 1711 2185 Grattio
1734 2141 1846 2186 bene

131 2207 324 2264 positum
372 2216 453 2263 est,
494 2217 638 2253 exstat
671 2209 789 2253 enim
821 2209 1145 2254 substantivum
1176 2221 1368 2266 quocum
1398 2211 1617 2268 iungatur,
1648 2213 1847 2257 nondum

2 2287 4 2293 ’
51 2268 62 2324 'j
128 2286 277 2324 tamen
323 2289 550 2336 repertum
601 2288 667 2324 est
704 2280 759 2324 ab
790 2280 1063 2325 editoribus”
1095 2280 1270 2326 Deinde
1302 2291 1470 2327 textum
1502 2284 1565 2327 sic
1596 2284 1845 2328 constituit:

185 2349 246 2396 24
309 2363 540 2399 armorum
570 2363 720 2398 casses
751 2351 970 2409 plagiique
999 2352 1186 2397 exordia
1216 2362 1358 2398 restes
1376 2353 1411 2412 ³)

185 2421 246 2468 25
307 2423 453 2480 prima
483 2423 633 2468 iubent
664 2425 782 2468 tenui
813 2433 1066 2470 nascentem
1098 2425 1283 2482 iungere
1312 2424 1384 2470 filo

184 2492 246 2542 26
305 2493 491 2542 limbum

187 2563 362 2611 Versus
404 2565 540 2611 24-25
586 2567 716 2624 igitur
761 2568 824 2612 sic
869 2568 1183 2625 interpretandi
1228 2578 1359 2614 sunt:
1396 2581 1585 2625 „casseS,
1617 2582 1843 2616 armorum

127 2637 375 2692 <exordia>,
391 2646 434 2682 et
475 2647 630 2692 restes»,
663 2638 794 2695 plagii
822 2638 1007 2683 exordia
1037 2640 1192 2696 prima,
1223 2640 1373 2685 iubent
1404 2642 1524 2685 tenui
1557 2640 1629 2686 filo
1660 2641 1842 2686 limbum

57 2724 63 2771 -j
129 2707 363 2765 iungere’';
410 2721 524 2766 quae
570 2710 779 2754 audacter
819 2710 1011 2766 quidem,
1043 2711 1123 2755 sed
1153 2711 1283 2756 simul
1314 2713 1543 2770 ingeniose
1574 2713 1686 2758 dicta
1716 2722 1841 2768 sunt;

50 2779 65 2842 ·]¹
129 2791 231 2825 nam
248 2789 379 2837 poeta
397 2780 482 2826 hoc
498 2782 580 2826 sibi
598 2781 712 2825 vult:
750 2782 812 2835 „si
828 2783 926 2838 quis
937 2793 1101 2838 casses,
1113 2795 1227 2839 quae
1244 2784 1435 2840 primum
1453 2783 1599 2829 locum
1615 2796 1843 2828 armorum

1 2835 3 2839 ,
46 2848 62 2886 ἒ
129 2850 340 2907 obtinent,
371 2861 416 2898 et
447 2862 601 2908 restes,
632 2853 822 2898 cassium
853 2853 1053 2909 exordia,
1084 2855 1282 2899 exordiri
1314 2855 1420 2910 vult,
1457 2857 1499 2900 ei
1515 2857 1707 2912 primum
1725 2857 1843 2900 tenui

130 2920 376 2970 fllnlimbus
391 2925 642 2982 iungendus
657 2925 766 2970 est‘’.
791 2924 1069 2970 Vocabulum
1083 2936 1230 2971 autem
1247 2927 1439 2972 exordia
1459 2936 1502 2972 et
1522 2939 1624 2972 cum
1640 2926 1786 2971 armis
1801 2936 1843 2972 et

174 3039 203 3084 ¹)
228 3041 288 3079 Sic
318 3043 456 3079 Vlitius
482 3054 549 3089 pro
575 3049 612 3082 et
636 3045 802 3082 venandi
811 3054 820 3088 3
844 3043 872 3086 ¹)
897 3045 952 3080 sic
978 3044 1113 3082 Aldina
1138 3056 1206 3091 pro
1230 3047 1411 3084 exordiar
1430 3048 1534 3084 estis.
1550 3045 1580 3090 ⁸)
1597 3055 1672 3082 non
1684 3055 1843 3082 necesse

7 3119 26 3136 .·
50 3103 59 3129 ·ἑ
127 3105 188 3136 est
217 3107 340 3139 restes
365 3103 545 3149 scribere,
570 3113 656 3139 cum
681 3105 795 3141 restis
819 3113 918 3139 nom.
945 3105 1040 3149 plur.
1065 3115 1151 3141 esse
1177 3106 1309 3151 possit,
1333 3106 1381 3142 cf.
1407 3107 1528 3142 varro
1555 3106 1625 3143 LL.
1653 3106 1754 3151 Vlll,
1778 3106 1843 3151 663

128 3157 311 3207 Son-amer,
338 3161 564 3208 Handbueh,
589 3173 622 3207 p.
647 3163 728 3199 416.
1589 3196 1591 3198 ,

248 3223 300 3270 11.
1631 3229 1660 3274 2
