2210 3568
1204 285 1255 329 10

377 417 508 474 primi
557 415 814 473 Georgicon
861 414 973 470 libri,
1020 427 1088 459 vs.
1141 415 1194 459 10
1229 415 1353 471 ferte
1397 415 1536 460 simul
1580 415 1885 471 Faunique
1907 416 2076 474 pedem

378 487 676 544 Dryadesque
707 486 892 542 puellae
922 495 965 539 et
996 498 1063 530 vs.
1103 485 1154 529 16
1184 499 1278 544 sqq.
1313 487 1412 542 ipse
1441 498 1605 531 nemus
1634 485 1848 542 linquens
1870 487 2075 544 patrium
2162 491 2171 554 ζ

377 558 618 614 saltusque
664 556 828 613 Lycaei
857 560 877 612 s
908 556 1047 612 Pan,
1091 557 1247 602 ovium
1286 561 1456 612 custos,
1504 561 1585 601 tua
1614 557 1658 602 si
1688 557 1773 602 tibi
1802 557 2076 604 Maenala
2166 570 2167 573 ’

375 640 527 684 curae,
559 632 580 684 s
609 628 755 698 adsiS,
794 639 824 672 o
861 627 1059 684 Tegeaee
1080 626 1268 684 savem,
1309 629 1528 684 oleaeque
1559 628 1767 672 Minerva
1796 633 1817 684 s
1848 629 2077 674 inventrix

379 699 574 756 uncique
606 758 609 763 ι
611 710 734 755 puer
775 701 1053 744 monstrator
1097 698 1242 743 aratri
1271 702 1291 753 s
1322 702 1367 743 et
1396 703 1599 743 teneram
1629 699 1689 742 ab
1719 699 1874 744 radice
1894 699 2072 757 serem,

376 770 635 825 Silvane,
666 780 944 825 cupressum.

443 911 507 956 18.
539 910 764 956 Naides:
797 910 949 963 ναὶδες,
971 910 1181 968 fontium
1211 910 1336 968 (νάω)
1367 911 1602 968 nymphae.
1649 910 1752 956 Hoc
1778 904 1877 956 loco
1909 910 2075 957 Naides

374 984 506 1027 etiam
538 981 739 1027 nemoris
770 982 993 1039 nymphae
1024 990 1261 1036 vocantur;
1294 994 1452 1026 versus
1481 982 1610 1039 igitur
1636 982 1990 1027 adnumerandus
2009 992 2076 1028 est

376 1054 442 1108 iis,
474 1053 530 1097 de
560 1053 719 1110 quibus
749 1052 969 1109 disputavi
999 1053 1042 1096 in
1075 1052 1254 1097 meoad
1275 1051 1503 1108 Propertii
1522 1052 1729 1098 carmina
1749 1052 2075 1099 commentario

373 1123 545 1178 critico,
577 1136 620 1181 p.
650 1123 739 1178 65;
770 1123 824 1167 cf.
856 1125 986 1167 'etiam
1021 1122 1112 1168 Ov.
1148 1123 1256 1168 Met.
1291 1123 1322 1168 1.
1355 1122 1456 1167 691.

442 1263 506 1308 19.
554 1263 954 1318 Maenaliusque
999 1275 1156 1318 puer:
1199 1262 1307 1319 Pan,
1340 1266 1423 1318 cui,
1456 1273 1502 1308 ut
1532 1266 1589 1309 ait
1621 1264 1856 1322 Vergilius,
1888 1264 2075 1310 Maena-

376 1335 424 1378 la
454 1346 601 1390 curae,
634 1335 867 1380 venatione
899 1335 1071 1392 gaudet,
1098 1334 1153 1379 cf.
1185 1333 1375 1379 Theocr.
1415 1337 1447 1379 l.
1487 1335 1540 1379 16
1562 1338 1637 1376 τὸν
1659 1339 1795 1377 Πᾶνα
1815 1333 2073 1390 affictaeque·

376 1402 402 1460 ἦ
432 1407 512 1461 γὰρ
538 1406 613 1447 ἀπ’
648 1405 816 1459 ἄγρας
836 1409 856 1461 s
877 1406 1033 1449 τανίκα
1055 1405 1268 1457 κεκμακὼς
1290 1406 1550 1458 ἀμπαύει-αι.
1577 1404 1751 1451 Callim-
1768 1406 1920 1463 hymn.
1945 1405 2072 1451 Dian.

376 1479 448 1535 87.
480 1476 569 1517 ἵκεο
600 1475 637 1518 δ’
670 1473 796 1518 αὖλιν
818 1480 837 1531 s
854 1476 1104 1531 Ἀρκαδικὴν
1137 1478 1207 1517 ἐπὶ
1239 1477 1412 1524 Πανός·
1445 1478 1466 1517 ὁ
1497 1475 1540 1518 δὲ
1572 1476 1670 1531 κρέα
1701 1476 1853 1529 λυγκὸς
1882 1475 2075 1532 {raptres

378 1546 645 1602 Μαιναλίης,
674 1548 749 1589 ἵνα
780 1549 821 1588 οἱ
852 1547 1028 1596 τοκάδες
1058 1548 1178 1596 κύνες
1199 1544 1314 1602 εἶδαρ
1331 1547 1475 1594 ἔδοιεν.
1517 1546 1731 1605 Calpurn.
1755 1548 1820 1593 10.
1856 1547 1887 1592 2
1910 1547 2074 1604 patula

376 1618 586 1663 vitabant
628 1618 730 1663 ilice
769 1618 915 1663 solem
945 1622 965 1673 s
993 1630 1097 1662 cum
1127 1619 1228 1662 Pan
1256 1622 1478 1663 venatu
1499 1617 1717 1675 fessus
1745 1618 1962 1664 recubare
1989 1618 2074 1663 sub

380 1689 539 1734 umbra
568 1693 589 1744 s
618 1693 830 1745 coeperat
874 1692 920 1733 et
963 1700 1127 1733 somno
1171 1689 1378 1732 lassatas
1419 1701 1600 1734 sumere
1642 1690 1783 1743 vires;
1826 1689 2072 1734 Philostrat.
2147 1708 2149 1711 ·
2185 1705 2202 1723 υ

382 1760 516 1818 Imag.
542 1773 585 1817 p.
619 1760 706 1804 416
737 1761 805 1804 ed.
841 1759 1040 1817 Kayser3
1075 1759 1223 1805 Nonn.
1258 1759 1447 1817 Dionys.
1478 1759 1549 1804 48.
1580 1759 1831 1805 258—262.

442 1901 625 1946 19-20.
660 1901 1015 1957 domitrixque
1047 1901 1206 1946 Idaea
1237 1902 1451 1946 leonum
1472 1905 1493 1956 s
1513 1903 1712 1946 mater:
1747 1900 1935 1958 Cybele,
1961 1912 2074 1958 quae

375 1973 488 2018 hanc
519 1973 578 2017 ob
609 1985 785 2017 causam
817 1974 1062 2017 venationis
1091 1972 1335 2017 fautoribus
1365 1973 1691 2027 adnumeratur,
1723 1971 1842 2029 quod
1874 1971 1922 2016 in
1941 1982 2074 2016 curru

374 2043 531 2099 biiugo
561 2043 769 2099 agitabat
798 2043 970 2098 leones,
1002 2052 1048 2088 ut
1081 2043 1270 2087 Lucretii
1293 2045 1441 2088 verbis
1465 2052 1562 2088 utar
1582 2042 1657 2101 (11.
1678 2042 1808 2100 601);
1840 2051 1882 2087 et
1906 2040 2073 2087 Ovidio

376 2116 570 2171 roganti:
616 2126 695 2158 cur
740 2114 845 2158 huic
889 2114 970 2172 (-—-
1020 2113 1238 2171 Cybelae)
1281 2125 1429 2169 genus
1459 2125 1564 2158 acre
1594 2114 1778 2158 leonum
1807 2117 1828 2168 s
1853 2113 2075 2169 praebent

375 2185 591 2229 insolitas
621 2185 683 2228 ad
715 2186 823 2240 iuga
853 2196 991 2228 curva
1023 2185 1156 2228 iubas
1187 2186 1247 2228 sic
1281 2185 1516 2241 respondet
1540 2184 1693 2229 Musa:
1707 2184 1882 2241 feritas
1898 2183 2073 2228 mollita

370 2267 456 2311 per
486 2256 854 2310 illamscreditur;
875 2256 923 2299 id
945 2267 1076 2300 curru
1093 2255 1342 2311 testificata
1357 2267 1444 2300 suo
1461 2259 1541 2299 est.
1560 2254 1691 2313 (Fast.
1713 2254 1788 2299 1V.
1805 2253 2072 2312 215-218),

375 2327 429 2371 cf.
463 2327 765 2381 Baumeister,
800 2327 992 2370 Denkm.
1028 2326 1057 2370 1.
1092 2341 1132 2383 p.
1165 2326 1246 2381 86;
1281 2326 1335 2370 11.
1367 2340 1408 2383 p.
1441 2326 1552 2381 800;
1586 2325 1661 2369 ΙΙΙ.
1683 2325 1874 2380 2011,et
1895 2325 2074 2379 Miiller,'

379 2398 572 2442 Denkm.
621 2397 673 2441 11.
716 2398 800 2441 tab.
847 2397 966 2441 LXII
999 2411 1063 2454 sq.
1096 2397 1185 2441 806
1214 2410 1278 2453 sq.
1315 2396 1486 2441 Confer
1514 2398 1642 2441 etiam
1675 2396 1925 2441 Varronem
1956 2395 2072 2452 apud

377 2468 561 2525 August.
598 2467 699 2513 Civ.
726 2469 812 2512 Dei
829 2467 927 2512 V11.
944 2468 1006 2511 24
1019 2469 1196 2512 leonem
1211 2467 1467 2523 adiungunt
1483 2468 1684 2511 solutum
1698 2478 1754 2511 ac
1769 2468 2070 2520 mansuetum,

375 2544 426 2584 ut
469 2539 717 2584 ostendant
762 2539 936 2583 nullum
979 2551 1127 2595 genus
1172 2551 1276 2583 esse
1305 2542 1453 2583 terrae
1483 2542 1578 2582 tam
1608 2541 1830 2582 remotum
1859 2548 1915 2580 ac
1943 2536 2072 2580 vehe-

373 2613 548 2655 menter
567 2608 728 2666 ferum
758 2611 878 2665 quod
910 2622 1003 2654 non
1033 2610 1187 2666 subigi
1216 2610 1392 2665 colique
1422 2609 1676 2654 conveniat.

431 2751 501 2796 20.
562 2739 762 2795 inculto
795 2750 1052 2795 Silvanus
1082 2753 1296 2797 termite
1327 2752 1592 2808 gaudens:
1625 2754 1790 2794 termes
1821 2749 1890 2793 hic
1907 2761 2068 2794 nomen

373 2823 601 2879 proprium
634 2821 799 2866 fruticis
829 2834 927 2866 esse
959 2832 1078 2878 putat
1110 2823 1375 2867 Vollmerus.

432 2906 497 2938 vs.
529 2892 718 2937 21—23.
756 2892 823 2936 his
854 2905 937 2949 ego
969 2894 1245 2949 praesidibus
1277 2903 1471 2938 nostram
1503 2892 1740 2936 defendere
1771 2899 1935 2935 sortem

758 2972 910 3007 contra
941 2963 1056 3008 mille
1087 2963 1203 3008 feras
1234 2974 1276 3008 et
1307 2976 1395 3008 non
1427 2965 1521 3007 sine
1552 2963 1744 3006 carmine
1773 2986 1833 2993 —
1863 2961 1983 3004 lusus

756 3035 948 3078 carmine
980 3043 1022 3078 et
1053 3046 1174 3078 arma
1206 3035 1320 3078 dabo
1351 3043 1393 3078 et
1425 3033 1613 3078 venandi
1646 3044 1885 3088 persequar
1915 3032 2019 3075 artis

430 3104 502 3150 Sic
535 3105 579 3149 hi
611 3117 768 3149 versus
799 3105 1002 3161 leguntur
1031 3106 1075 3147 in
1108 3104 1171 3158 A;
1204 3106 1277 3160 qui
1309 3104 1415 3148 haec
1438 3104 1564 3160 leget,
1586 3103 1702 3147 haud
1724 3103 1853 3147 dubie
1875 3101 2068 3146 haerebit

372 3177 416 3218 in
450 3175 534 3220 fine
565 3188 723 3220 versus
755 3175 959 3219 secundi:
992 3187 1093 3218 nam
1125 3187 1214 3219 non
1246 3174 1389 3219 solum
1412 3186 1542 3230 aegre
1565 3173 1864 3218 desideramus
1880 3173 2066 3217 verbum

2190 1812 2210 2206 2†.2„>.-:<f7‹r³.-.2—'-iv-‘sssz-
2192 1771 2210 1783 ἶ.
2190 1729 2200 1756 ‘-'·
2195 1667 2199 1682 „.
2188 1458 2208 1644 ‘erud-<vals
2190 1399 2209 1422 ›j-
2188 1275 2206 1378 vuffa-2
2194 1257 2207 1261 ν,
2193 1235 2195 1239 ⁴
2193 1159 2199 1191 *x*
2192 1083 2194 1085 ·
2187 1051 2190 1054 ·
2186 978 2189 982 '
2187 889 2205 940 (ᾖ
2186 855 2195 867 '2
2189 719 2190 722 ⁴
2202 695 2203 698 „
2189 615 2210 666 fl-
2188 503 2208 578 „L-m-

2179 3207 2210 3568 Qffl-Qffi'
2200 3164 2210 3197 «ι.
2205 3138 2210 3154 -.
2205 3098 2207 3118 »Α
2196 3076 2197 3079 ⁴
