2210 3568
74 157 80 167 ι

944 245 1002 288 73

117 374 192 425 ubi
234 373 421 430 Astyzos
468 383 588 420 recte
635 376 793 433 legitur
839 377 881 420 in
930 376 1156 421 codicibus
1188 377 1352 433 aliquot
1383 378 1644 421 recentioris
1683 378 1835 421 aetatis

116 446 174 494 ab
222 444 412 492 Heinsio
457 446 673 502 adhibitis,
717 446 870 491 codice
914 445 1145 490 Marciano
1186 446 1440 491 Florentino
1472 446 1559 505 (M)
1599 446 1836 491 exhibente

39 550 54 559 ‚v
93 517 343 574 ‚„astilus‘’‚
374 529 459 575 pro
490 530 580 574 quo
611 517 722 563 falso
743 518 887 562 editur
903 517 1143 562 Asbolosa
1162 516 1653 575 Baumgarten-Crusio
1669 517 1835 576 (1834).

177 587 275 634 Alia
305 597 436 646 atque
470 587 672 634 Grattius
702 597 852 633 narrat
886 587 1138 646 OppianuS,
1172 589 1225 633 11.
1266 589 1330 633 18.

297 661 401 714 πρὸς
433 658 476 701 δὲ
506 659 667 713 μύθους
697 664 844 715 θηρῶν
875 660 1008 707 κύνας
1040 658 1198 702 ὥπλισε
1230 661 1568 717 καρχαρόδοντας

299 729 487 784 διογενὴς
516 737 681 785 πρῶτος
713 727 1049 781 Λακεδαιμόνιος
1081 727 1370 784 Πολυδεύκης·

299 803 372 844 καὶ
401 803 482 856 γὰρ
511 800 770 857 πυγμαχίῃσι
800 797 978 854 λ-υγρινὺς
1012 799 1237 854 ἐναρίξατο
1267 808 1412 853 φῶτας

30 909 35 921 ‚
239 923 241 925 v
298 874 372 916 καὶ
401 871 648 915 σκυλάκεσσι
681 875 798 919 θοοῖς
828 869 1002 928 βαλιοὺς
1037 870 1304 926 ἐδαμάσσατο
1335 876 1485 927 θῆρας.

18 933 35 999 ,ἑ
131 974 135 978 -
179 942 282 990 216.
313 944 518 1002 gratia:
549 952 673 1001 grata
705 955 832 988 mens
863 962 920 980 =
952 944 1064 1001 grati
1095 945 1276 1000 posteri.

56 1007 59 1011 ’
119 1046 124 1052 -
181 1026 278 1071 per
306 1016 526 1060 nostros
557 1026 713 1059 usus:
747 1034 803 1052 =
835 1014 942 1058 durn
975 1014 1167 1059 venandi
1198 1023 1338 1060 artem
1370 1027 1650 1070 exercemus,
1681 1015 1725 1059 in
1748 1024 1843 1059 arte

123 1087 315 1138 venandi
349 1087 616 1142 exercenda,
648 1085 702 1131 cf.
742 1086 815 1130 151
850 1086 1005 1142 prima
1038 1086 1119 1130 illa
1149 1097 1331 1140 canum,
1363 1097 1456 1131 non
1487 1086 1584 1130 ulla
1610 1097 1696 1142 per
1725 1085 1844 1130 artis

121 1159 140 1215 l
171 1169 283 1214 ‚cura
307 1157 449 1215 prior.

182 1241 352 1282 unum
397 1229 715 1275 testabitur:
761 1249 821 1266 =
866 1230 1047 1295 unicurn
1084 1230 1365 1274 inventorem
1397 1229 1600 1285 habebit;
1634 1240 1755 1273 unus
1787 1249 1843 1266 =

125 1301 303 1358 unicust,
358 1301 413 1347 cf.
476 1301 635 1347 Horat.
684 1299 828 1350 Serm.v
879 1300 931 1344 11.
979 1300 1020 1345 6.
1069 1299 1129 1346 57
1178 1301 1406 1345 iurantem
1453 1312 1525 1345 me
1562 1300 1683 1345 scire
1728 1299 1846 1344 nihil

126 1366 353 1418 mirantur
398 1376 449 1418 ut
495 1384 637 1426 unum
668 1372 890 1427 [scilicet
935 1372 1110 1428 egregii
1154 1373 1395 1417 mortalem
1441 1372 1616 1428 altique
1655 1371 1847 1425 silenti;

127 1444 272 1491 Serm.
320 1444 375 1490 11.
426 1445 468 1490 3.
516 1445 575 1490 24
621 1444 780 1490 hortos
825 1443 1127 1500 egregiasque
1173 1444 1337 1489 domos
1383 1443 1628 1489 mercarier
1673 1454 1796 1487 unus
1828 1446 1846 1497 l

125 1527 230 1572 cum
259 1517 386 1562 lucro
417 1527 594 1562 noram.

185 1659 288 1706 217.
319 1659 562 1716 trepidas
592 1659 758 1704 artis:
789 1658 989 1704 nondum
1019 1657 1241 1703 stabilitas,

20 1768 23 1774 Α
187 1731 284 1776 vix
313 1732 590 1778 sedentes:
630 1731 831 1776 nondum
869 1729 1037 1786 firmae,
1068 1729 1123 1775 cf.
1157 1729 1270 1774 Plin.
1307 1728 1363 1773 N.
1400 1729 1462 1774 Η.
1498 1728 1552 1774 11.
1583 1728 1655 1774 24.
1687 1729 1849 1773 sedere

25 1822 52 1854 ¹.
110 1803 279 1862 coepit
305 1802 553 1850 sententia.

187 1945 291 1993 218.
347 1945 490 1992 Totus
529 1958 690 1991 versus
735 1946 798 1990 sic
838 1954 1142 1990 construatur:
1185 1945 1255 1989 hic
1304 1944 1411 1990 vidit
1442 1957 1529 2002 qua
1561 1944 1747 2001 propior
1779 1944 1850 1988 via

130 2018 324 2076 trepidas
354 2027 473 2064 artes
502 2027 546 2063 et
577 2018 636 2062 ob
667 2018 908 2062 novitatem
943 2018 1020 2061 vix
1050 2017 1257 2061 sedentes
1289 2025 1457 2073 peteret
1485 2018 1512 2060 i.
1530 2028 1569 2061 e.
1587 2016 1662 2060 ubi
1683 2015 1853 2060 facilior

130 2092 203 2137 via
233 2088 415 2136 duceret
446 2089 503 2134 ad
530 2099 648 2134 artes
679 2088 824 2133 adhuc
855 2098 1057 2133 recentes
1088 2088 1447 2144 immaturasque.

189 2161 432 2218 propior:
474 2160 529 2206 cf,
561 2161 730 2205 initium
761 2160 902 2204 nostri
933 2160 1154 2212 carminis,
1188 2172 1254 2204 vs.
1287 2159 1315 2203 5
1344 2162 1452 2215 post
1483 2158 1595 2212 alia,
1623 2157 1851 2215 propiore,

130 2233 211 2280 via
257 2233 513 2289 meliusque
556 2230 769 2289 profecti,
802 2232 876 2275 ubi
913 2231 1116 2287 propior,
1157 2241 1204 2276 ut
1244 2240 1399 2276 nostro
1430 2231 1530 2276 loco
1563 2251 1619 2268 =
1642 2229 1849 2288 facilior.

136 2304 439 2363 Comparetur
468 2305 600 2350 etiam
633 2315 727 2348 vox
761 2301 938 2348 Graeca
967 2301 1159 2357 μέθοδος.

192 2378 431 2423 turbam:
491 2375 774 2429 famulorum,
816 2373 870 2419 cf.
922 2373 1038 2419 Hor.
1088 2373 1224 2431 Epist.
1273 2373 1304 2418 1.
1352 2374 1394 2418 6.
1429 2373 1508 2419 58:
1554 2374 1629 2418 ubi
1667 2374 1854 2431 legimus

21 2499 26 2510 ἶ
134 2449 191 2495 de
245 2447 447 2506 Gargilio
505 2446 714 2504 quodam,
766 2454 980 2490 venatore
1045 2445 1126 2501 qui
1188 2457 1324 2490 mane
1383 2446 1564 2502 plagas,
1624 2444 1854 2490 venabula

55 2541 58 2545 ·
135 2532 347 2567 servos
377 2523 398 2574 l
426 2518 666 2576 differtum
697 2517 897 2561 transire
919 2515 1082 2574 forum
1111 2518 1422 2574 populumque
1456 2517 1662 2571 iubebat;

199 2590 291 2641 ov.
326 2590 432 2636 Met.
466 2589 566 2636 VII,
599 2589 702 2644 804,
733 2589 808 2632 ubi
842 2587 1071 2646 Cephalus
1102 2598 1144 2634 et
1176 2589 1257 2634 alia
1288 2599 1331 2634 et
1363 2589 1473 2634 haec
1504 2598 1675 2634 narrat:

374 2663 474 2708 sole
494 2660 604 2719 fere
634 2660 785 2704 radiis
807 2658 1013 2717 feriente
1044 2661 1287 2705 cacumina
1316 2660 1483 2716 primis

376 2737 596 2780 venatum
628 2733 677 2778 in
706 2732 854 2776 silvas
886 2731 1162 2777 iuvenaliter
1193 2732 1258 2777 ire
1288 2733 1521 2787 solebam;

378 2818 461 2859 nec
492 2817 668 2851 mecum
690 2803 870 2861 famuli
899 2815 983 2848 nec
1012 2804 1121 2861 equi
1150 2816 1234 2849 nec
1264 2805 1456 2849 naribus
1487 2815 1618 2849 acres

380 2878 448 2925 ire
477 2889 619 2940 canes
650 2888 733 2921 nec
763 2876 862 2921 lina
891 2876 1027 2934 sequi
1057 2877 1238 2922 nodosa
1266 2877 1502 2922 solebant:

380 2953 509 2995 tutus
540 2961 668 2995 eram
700 2949 865 2994 iaculo,

202 3092 305 3138 219.
352 3092 647 3137 contraxit:
681 3093 724 3136 in
757 3105 895 3136 unum
926 3092 1088 3147 locum,
1121 3101 1168 3137 ut
1198 3092 1397 3136 classem
1428 3089 1708 3135 contrahere,

202 3166 420 3211 turbam
467 3163 740 3211 comitem:
787 3163 841 3209 cf.
893 3163 1030 3221 Prop.
1081 3163 1134 3208 11.
1178 3163 1249 3207 31.
1299 3163 1327 3206 4
1375 3162 1494 3206 inter
1538 3172 1656 3217 quas
1703 3158 1861 3205 Danai
