2210 3568
1187 222 1245 266 34

431 352 678 396 Pinnatum
710 352 780 396 vel
802 350 1011 407 formido
1045 352 1114 396 vel
1145 354 1293 395 metus
1324 361 1388 396 est
1419 352 1532 396 linea
1562 364 1588 396 a
1619 365 1703 409 qua
1725 354 1874 397 variae
1894 366 2067 410 pennae

372 423 563 480 pendent
602 423 656 466 ad
697 432 914 466 terrorem
946 422 1201 466 animalibus
1231 423 1527 466 incutiendum
1559 421 1848 480 (Germanice
1881 423 2071 478 „Blend-

371 492 553 551 zeug”);
601 501 747 535 narrat
794 501 938 535 autem
986 491 1185 536 Grattius
1232 493 1299 537 his
1345 494 1561 548 versibus,
1608 506 1666 538 ex
1702 507 1885 550 quarum
1917 497 2064 541 avium

372 565 528 621 pennis
550 562 761 619 formido
793 562 877 606 fiat.
1042 566 1044 568 ’

430 705 500 749 75.
549 704 889 748 inmundo...
930 705 1159 749 volture:
1192 706 1480 750 cadaveribus
1511 707 1628 750 enim
1659 706 1765 750 haec
1797 707 1892 751 avis
1920 702 2064 752 'vesci-

323 797 328 805 ι
372 785 465 830 tur;
497 787 585 819 non
616 776 830 840 assentior
861 777 959 820 viro
991 776 1120 820 docto
1154 775 1315 820 Curcio
1347 777 1591 820 adnotanti:
1627 776 1872 829 „inmundo
1889 777 2068 845 referite

371 846 410 889 al
442 846 603 901 colore,
635 858 660 890 e
692 855 1004 903 contrapposto
1035 861 1059 891 a
1091 848 1215 892 nivei
1247 863 1286 892 v.
1320 848 1391 903 77,
1425 848 1476 892 cf.
1509 851 1610 892 atro
1643 861 1684 892 v.
1718 847 1818 892 79.’'
2010 904 2013 906 .

377 976 380 979 ἱ
428 916 499 960 76.
532 916 972 961 instrumentum:
1005 918 1057 962 cf.
1077 917 1203 963 Serv.
1223 919 1277 962 ad
1296 918 1458 975 Vergil.
1477 918 1586 963 Aen.
1606 918 1701 962 XII.
1719 918 1807 963 752
1820 911 2066 974 'pinnatam

371 988 558 1041 scilicet,
619 988 1070 1033 instrumentum
1132 990 1361 1044 quoddam
1428 990 1475 1033 in
1527 988 1650 1046 fune
1710 990 1771 1033 ad
1831 991 2071 1035 terrendas

372 1059 546 1103 bestias
569 1057 766 1114 factum.

431 1129 630 1184 operis:
664 1130 922 1173 venationis.
2203 1168 2210 1192 ,ἶ

428 1199 678 1244 facultas:
704 1199 1020 1243 adiumentum
1051 1202 1150 1257 quia
1182 1201 1322 1245 reddit
1354 1213 1466 1257 opus
1498 1202 1743 1245 venaticum
1764 1200 1976 1258 facilius,
2170 1195 2210 1250 ’ἐ

429 1341 499 1385 77.
532 1340 692 1385 inter.
713 1373 751 1384 ..
791 1340 1104 1396 iungantur:
1136 1343 1299 1386 tmesis.

431 1411 576 1456 nivei
621 1412 823 1456 vellera
869 1411 1053 1467 cygni:
1099 1411 1152 1456 cf.
1203 1412 1454 1457 Nemesian.
1493 1411 1665 1470 Cyneg.
1699 1412 1806 1469 3143
1867 1412 2065 1472 Oppian.

378 1482 495 1539 Cyn.
547 1482 623 1526 IV.
670 1482 780 1538 392;
826 1483 1014 1526 vellera:
1054 1483 1264 1540 quidquid
1295 1484 1471 1528 mollitie
1501 1492 1544 1527 et
1574 1484 1722 1528 colore
1752 1484 1892 1529 simile
1925 1472 2063 1541 lanae,

371 1564 417 1598 ut
458 1554 646 1610 plumae,
678 1555 818 1607 nives,
851 1554 965 1609 apud
998 1563 1149 1610 poetas
1179 1554 1324 1597 vellus
1355 1555 1626 1609 nominatur;
1659 1554 1711 1598 ci.
1748 1554 1931 1599 Martial.
1988 1554 2066 1600 IV.

372 1624 412 1668 3.
451 1626 484 1668 l.
516 1623 557 1668 2.
590 1623 746 1678 aspice
778 1635 913 1679 quam
944 1624 1137 1668 densum
1167 1624 1404 1668 nivearum
1434 1625 1579 1668 vellus
1605 1636 1828 1680 aquarum
1843 1632 1863 1679 s
1878 1626 2065 1681 depluat

375 1695 422 1739 in
474 1695 627 1744 vultus
691 1694 907 1738 Caesaris
953 1694 1088 1749 inque
1133 1694 1287 1747 sinus,·
1346 1695 1562 1739 Ammian.
1612 1695 1851 1740 Marcellin.
1900 1695 2079 1741 xxm<

372 1766 414 1810 6.
446 1765 503 1810 67
544 1777 574 1809 a
610 1765 774 1820 quibus
819 1765 1030 1809 arborum
1056 1763 1203 1820 fetus,
1249 1776 1472 1820 aquarum
1518 1766 1839 1821 asperginibus
1884 1767 2072 1821 crebris,

372 1837 494 1880 velut
556 1836 782 1891 quaedam
847 1836 1014 1879 vellera
1070 1836 1323 1888 molientes,
1394 1848 1451 1880 ex
1506 1837 1724 1892 lanugine
1787 1841 1831 1881 et
1891 1838 2066 1893 liquore

374 1907 564 1951 mixtam
613 1906 912 1950 subtilitatem
962 1906 1252 1950 tenerrimam
1298 1910 1485 1962 pectunt
1492 1921 1508 1961 ,·
1557 1910 1618 1952 sic
1661 1907 1873 1952 Martialis
1905 1908 2059 1952 molles

372 1990 618 2035 cygnorum
665 1978 836 2034 plumas
872 1978 1028 2021 lanam
1068 1988 1210 2032 vocat,
1253 1977 1305 2022 ci.
1350 1977 1468 2021 XIV.
1514 1978 1587 2022 161
1634 1979 1790 2022 lassus
1820 1978 2072 2034 Amyclaea-

368 2049 544 2104 poteris
572 2048 853 2103 requiescere
879 2048 1039 2102 pluma
1068 2059 1086 2101 s
1120 2048 1308 2092 interior
1337 2049 1471 2104 cygni
1500 2061 1637 2104 quam
1667 2049 1753 2093 tibi
1783 2050 1894 2093 lana
1923 2050 2062 2094 dedit.

435 2118 602 2163 Nostro
632 2119 731 2163 loco
761 2119 929 2162 vellera
960 2128 1059 2163 sunt
1095 2120 1295 2175 „plumae
1328 2120 1525 2164 vulsae.”

432 2260 501 2304 78.
534 2262 587 2304 et
634 2259 770 2303 satis
816 2272 1087 2304 armorum
1135 2262 1246 2305 est:
1293 2262 1364 2305 hic
1409 2271 1642 2329 apparatus
1688 2260 1857 2316 sufficit,
1898 2263 1942 2305 in
1983 2262 2070 2306 hoc

374 2340 585 2388 apparatu
616 2332 719 2374 satis
750 2331 952 2387 praesidii
985 2341 1070 2386 est;
1103 2330 1155 2375 cf.
1188 2331 1412 2375 lintea...
1452 2343 1583 2375 arma
1613 2331 1683 2376 87.

433 2403 735 2446 coruscant:
767 2401 945 2457 fulgent,
979 2401 1030 2445 cf.
1067 2402 1229 2459 Vergil.
1253 2402 1362 2446 Aen.
1390 2402 1440 2446 11.
1464 2403 1552 2447 470
1572 2406 1616 2446 et
1646 2403 1771 2447 luce
1802 2414 2060 2447 coruscus

374 2484 529 2516 aena.
784 2481 788 2483 “

431 2542 694 2587 terribiles
748 2543 973 2596 species:
1036 2555 1146 2588 voce
1205 2543 1383 2598 species
1427 2553 1605 2588 utuntur
1664 2545 1914 2600 scriptores,
1960 2557 2060 2589 cum

285 2649 296 2656 .
373 2616 563 2658 incertae
593 2613 763 2656 formae
794 2613 952 2669 aliquid
984 2614 1119 2657 oculis
1151 2613 1354 2668 offertum
1388 2614 1439 2658 cf.
1475 2614 1569 2659 Liv.
1604 2613 1723 2658 V111.
1755 2614 1796 2658 6.
1829 2614 1859 2658 9
1886 2615 2067 2659 consuli

375 2684 560 2728 dicitur.
580 2717 618 2726 ..
672 2684 776 2727 visa
820 2684 996 2738 species
1040 2684 1128 2727 viri
1161 2685 1351 2728 maioris
1382 2696 1519 2740 quam
1543 2696 1629 2740 pro
1659 2682 1860 2729 humano
1891 2685 2064 2729 habitu.

434 2824 621 2869 78—80.
653 2823 807 2868 Totius
839 2837 1018 2868 versus:
1051 2825 1181 2869 haec
1213 2826 1355 2869 clara
1387 2826 1519 2870 luce.
1539 2860 1548 2871 .
1570 2859 1579 2869 .
1603 2829 1624 2880 s
1648 2858 1659 2869 .
1678 2858 1688 2869 .
1709 2861 1716 2869 .
1741 2837 1828 2870 res
1849 2827 2059 2870 sententia

374 2907 439 2940 est
491 2897 619 2940 haec:
675 2895 808 2948 „haec
848 2895 1035 2944 <vellera
1076 2897 1230 2952 cygni>
1273 2898 1329 2940 ob
1375 2897 1612 2940 eandorem
1659 2897 1787 2954 longe
1832 2896 2061 2952 splendent

375 2966 626 3024 Fulgentque
668 2967 749 3010 sub
796 2965 958 3009 lumine
1003 2966 1120 3019 solis,
1169 2967 1225 3009 ita
1272 2976 1316 3010 ut
1357 2976 1545 3011 terreant
1576 2968 1788 3021 animalia,
1819 2970 1870 3010 at
1900 2966 2067 3011 vellera

376 3038 560 3082 vulturis
605 3038 702 3081 diro
732 3049 814 3080 suo
845 3036 983 3080 odore
1014 3036 1129 3080 feras
1159 3038 1354 3092 turbant;
1387 3038 1549 3093 optime
1580 3038 1707 3094 igitur
1739 3038 1907 3094 plumas
1929 3037 2062 3093 cygni

377 3117 418 3151 et
450 3109 634 3153 vulturis
663 3108 901 3152 alternatim
934 3108 1100 3163 iunges.

2165 3479 2210 3568 {333¹
2165 3448 2206 3470 133
2177 3422 2191 3433 *ἕ
2183 3391 2205 3408 ,’
