2210 3568
1231 228 1290 272 80

466 354 565 398 246.
628 366 755 409 ergo
801 355 892 398 ubi
934 356 1093 409 plena
1125 368 1222 402 suo
1253 358 1409 403 rediit
1440 360 1665 404 victoria
1695 360 1826 407 fine:
1857 363 2018 410 rediit:
2046 386 2104 411 ==

409 427 540 480 venit,
573 424 625 469 cf.
659 437 793 481 supra
822 438 886 469 VS.
909 425 998 470 230
1017 428 1101 471 sed
1122 440 1179 472 ne
1201 440 1292 483 qua
1314 441 1371 473 ex
1391 430 1536 474 nimio
1555 432 1714 476 redeat
1735 433 1911 479 iactura
1921 434 2103 492 favore.

461 496 628 551 plena.-
657 504 783 552 capta
814 495 906 540 fera
937 499 1121 542 victoria
1153 499 1364 544 omnibus
1390 501 1602 556 partibus
1629 501 1837 559 perfecta
1866 514 1944 550 est.

466 578 553 611 sao
573 566 700 624 fine:
729 567 893 624 praeda
923 578 1062 625 capta.

467 690 569 735 247.
628 690 686 734 in
731 693 942 745 partem
989 694 1219 747 praedae
1267 695 1479 742 veniat:
1510 697 1562 741 cf.
1600 697 1732 755 Verg.
1766 698 1878 743 Aen.
1913 698 1990 754 111,
2019 699 2109 744 222

408 760 542 805 divos
575 760 814 818 ipsumque
843 775 1062 808 vocamus
1095 765 1143 809 in
1169 769 1348 821 partem
1374 768 1687 824 praedamque
1717 769 1896 824 Iovem;
1926 769 2023 816 Liv.
2051 770 2107 825 V,

409 832 480 876 21.
512 833 540 876 5
574 832 622 877 in
646 838 829 888 partem
856 836 1060 889 praedae
1090 848 1265 880 vocare.

469 915 569 947 sua
615 904 758 948 norit
787 909 808 956 Ι
838 907 1100 959 praemia:
1132 907 1185 952 cf.
1219 907 1385 952 Aelian.
1420 909 1566 953 Anim.
1601 910 1751 955 histor.
1786 911 1908 960 VIII.
1938 911 1968 956 2
1998 913 2109 956 κύων

411 974 649 1030 ἅγρευτικὸς
679 977 794 1023 ἅπας
826 977 951 1024 αὐτὸς
981 979 1054 1030 μὲν
1084 977 1227 1035 λαβὼν
1258 980 1406 1034 θηρίον
1436 979 1578 1033 ἥδεται
1609 983 1679 1035 καὶ
1711 981 1898 1037 κέχρηται
1927 990 1981 1038 τῇ
2000 985 2109 1040 ἄγρᾳ

411 1045 465 1093 ὡς
497 1044 634 1100 ἄθλῳ,
665 1046 738 1089 ἐὰν
769 1047 886 1103 αὐτῷ
917 1047 1158 1103 συγχωρήσῃ
1189 1049 1214 1090 ὁ
1242 1047 1453 1102 δεσπότης.

468 1156 568 1203 248.
629 1158 884 1214 benigne:
917 1157 1156 1215 diligenter.

468 1268 570 1314 249.
605 1269 712 1314 Post
743 1271 955 1314 meritam
1000 1272 1164 1316 inserui
1211 1276 1293 1326 est,
1340 1286 1457 1316 nunc
1504 1283 1647 1318 tamen
1696 1284 1860 1319 textum
1903 1277 2104 1321 traditum

415 1340 653 1384 deiendere
687 1342 822 1396 malo;
857 1342 957 1386 vide
989 1354 1246 1401 excursum.
1273 1343 1489 1390 ultima:
1519 1357 1704 1390 summa.

470 1446 571 1491 251.
635 1459 848 1503 semper
889 1449 1020 1495 eris:
1063 1461 1124 1493 sc.
1156 1451 1201 1493 in
1232 1452 1445 1494 memoria
1476 1451 1718 1506 hominum,
1751 1452 1804 1497 cf.
1841 1450 1976 1498 ovid.
2009 1452 2109 1498 Am.

415 1517 446 1571 1,
485 1518 549 1561 15.
589 1517 642 1561 16
670 1529 773 1563 cam
802 1519 901 1564 sole
931 1523 977 1563 et
1006 1519 1118 1564 lana
1146 1532 1330 1576 semper
1356 1521 1528 1565 Aratus
1559 1522 1656 1574 erit.

1140 1632 1216 1678 De
1245 1633 1388 1679 thoe.

472 1717 573 1763 253.
603 1719 711 1763 hic:
747 1719 955 1776 Hagnon.

472 1788 685 1833 thoum:
727 1790 781 1834 cf.
826 1790 936 1834 Plin.
978 1790 1034 1835 N.
1086 1790 1145 1835 H.
1190 1790 1309 1835 VIII.
1350 1792 1431 1836 123
1460 1793 1592 1837 thoes
1623 1793 1858 1850 (luporum
1889 1794 1937 1838 id
1963 1805 2111 1850 genas

411 1860 658 1915 proceriaS,
704 1860 1001 1917 longitudine,
1048 1862 1268 1906 brevitate
1311 1874 1503 1917 cruram,
1534 1864 1774 1919 dissimile,
1806 1856 1938 1909 velobc
1971 1865 2108 1920 salta,

412 1933 583 1974 venata
613 1930 786 1986 vivenS‚
830 1924 1074 1977 innocuum
1110 1933 1304 1991 homini)
1315 1947 1330 1985 ,·
1374 1934 1428 1977 ab
1459 1947 1513 1979 eo
1546 1934 1691 1980 differt
1725 1934 1916 1992 Oppian.
1949 1936 2108 1993 Apam.

418 1999 595 2058 cyneg.
639 2000 714 2045 III.
761 2001 850 2045 336
890 2002 1047 2057 δηθάκι
1090 2003 1126 2045 δ’
1168 2000 1266 2045 αὖτε
1307 2003 1423 2046 λύκοι
1461 2007 1529 2046 καὶ
1564 2004 1827 2060 πορδαλίεσσι
1859 2005 2111 2060 ὅαφοιναῒς]

413 2073 468 2120 εἷς
498 2074 621 2125 εὐνὴν
652 2071 903 2126 ἐπέλασσαν,
935 2075 1037 2117 ὅθεν
1068 2076 1368 2130 κρατερόφρονα
1399 2075 1527 2128 φῦλα,
1545 2080 1728 2130 βθῶες.

473 2142 800 2187 semiferam.
819 2177 829 2187 .
849 2177 859 2187 .
910 2144 1137 2198 prolem:
1179 2158 1237 2189 ex
1277 2146 1429 2190 thoum
1461 2156 1502 2191 et
1535 2159 1691 2191 canum
1722 2159 1885 2205 genere
1916 2149 2109 2193 mixtam.

472 2254 573 2299 254.
605 2254 784 2299 finxit:
815 2264 944 2312 poeta
967 2255 1111 2313 finxit
1140 2257 1254 2312 dicit,
1277 2266 1323 2301 ut
1341 2259 1540 2302 ostendat
1555 2259 1754 2304 subolem
1771 2271 1869 2304 esse
1885 2259 2109 2304 facticium.

474 2366 575 2412 255.
616 2368 673 2412 in
714 2369 829 2412 lora
870 2381 1053 2414 voces:
1095 2370 1193 2414 lora
1232 2380 1297 2415 est
1330 2371 1462 2415 Ellisii
1493 2381 1610 2416 certa
1641 2366 1887 2416 emendatio
1917 2372 2112 2416 lectionis
2138 2355 2146 2359 ,

416 2439 596 2484 traditae
651 2451 747 2494 ora,
804 2440 857 2484 cf.
905 2453 1039 2497 supra
1085 2441 1172 2485 213
1217 2443 1301 2486 sed
1342 2443 1541 2498 primam
1585 2443 1709 2487 celsa
1753 2442 1899 2487 loram
1943 2442 2112 2486 cervice

407 2508 652 2567 ferentem,
703 2509 866 2554 Lucan.
911 2510 986 2554 IV.
1029 2511 1128 2568 444,
1156 2513 1245 2556 'ubi
1286 2515 1405 2558 canis
1445 2514 1599 2558 dieitur
1638 2515 1876 2557 contentas
1921 2512 2112 2557 tremulo

418 2583 700 2625 monstrasse
731 2581 899 2625 cubilia
930 2582 1037 2626 loro.

477 2651 605 2694 nudi
636 2651 706 2695 ad
736 2651 957 2706 pignera
989 2653 1199 2699 martis:
1230 2660 1279 2697 ut
1310 2655 1518 2710 praedam
1544 2656 1681 2711 capiat
1697 2654 1794 2698 loro
1810 2665 1899 2698 non
1917 2655 2111 2709 vinctus;

419 2723 489 2767 hic
535 2734 725 2778 quoque,
766 2732 812 2766 ut
850 2735 984 2767 versu
1031 2723 1112 2766 152
1153 2724 1247 2781 (seu
1292 2725 1445 2782 hostis)
1487 2726 1609 2769 nudo
1641 2727 1784 2769 marte
1809 2723 1998 2779 premas
2027 2735 2111 2768 seu

418 2793 585 2837 bellam
606 2805 663 2837 ex
684 2796 782 2837 arte
805 2793 1052 2846 ministres,
1069 2795 1242 2839 nudam
1264 2799 1454 2839 martem
1471 2797 1708 2852 opponitur
1724 2795 1840 2840 bello
1855 2798 1954 2839 arte
1965 2797 2109 2850 gesto.

477 2904 577 2949 256.
610 2905 767 2949 thoes
797 2906 1114 2949 commissos
1144 2907 1464 2960 (clarissima
1495 2907 1657 2960 fama)
1685 2907 1889 2952 leones:
1922 2907 2112 2963 cogitare

423 2976 594 3019 videtur
641 2974 839 3020 Grattius
878 2976 933 3019 de
972 2988 1118 3031 pugna
1159 2978 1200 3019 in
1245 2979 1361 3021 circo
1405 2979 1498 3021 visa
1514 2979 1640 3021 linter
1669 2978 1821 3021 thoem
1851 2986 1893 3021 et
1923 2977 2112 3030 leonem,

421 3047 474 3091 cf.
523 3047 724 3101 Plinium,
760 3046 815 3090 N.
854 3045 911 3089 H.
949 3045 1067 3089 VIII.
1100 3046 1158 3090 70
1190 3048 1396 3102 Pompeii
1427 3048 1587 3103 Magni
1612 3048 1810 3102 primum
1841 3047 1940 3091 ludi
1969 3050 2115 3091 osten-

421 3117 585 3161 derant
644 3118 751 3161 cha
766 3129 861 3171 ma,
918 3128 1051 3171 quem
1107 3116 1228 3161 Galli
1281 3119 1448 3174 rufium
1503 3119 1738 3173 vocabant,
1793 3117 1949 3175 effigie
2003 3116 2112 3172 lapi,
