2210 3568
983 177 1036 221 15

80 280 124 350 ‘³1²
149 306 430 365 Nemeaeum
450 307 627 353 leonem
643 309 818 353 necavit
838 309 882 350 ἐν
913 307 1077 365 βρόχοις
1107 307 1228 361 ἑλών,
1251 318 1297 353 ut
1330 308 1553 367 Euripidis
1584 316 1684 352 utar
1714 308 1866 354 verbis

144 376 309 441 (Herc.
355 377 458 424 Fur.
511 378 630 438 153);
661 379 718 424 de
748 391 882 424 cerva
914 380 970 424 ab
1006 378 1202 424 Hercule
1233 389 1359 437 capta
1390 379 1577 437 legimus
1609 377 1727 437 apud
1760 378 1868 424 Dio-

75 437 121 514 {7
145 449 308 506 dorum
349 449 548 496 Siculum
580 444 658 495 IV.
683 450 748 495 13.
781 449 905 508 ἰέλοεβε
938 451 1193 505 πρόσταγμα
1223 453 1300 505 τὴν
1331 451 1594 506 xqvuoxaeomv
1625 452 1698 505 μὲν
1731 445 1864 494 ‹moon›

150 520 183 566 n
303 555 317 576 ‚
348 525 470 578 τάχει
501 519 545 564 δὲ
577 520 870 577 atdefmvooev
887 522 1079 574 ἀγαγεῖν.
1113 529 1267 566 τοῦτον
1299 521 1342 564 δὲ
1374 524 1450 564 τὸν
1480 519 1622 565 ἆθλον
1644 520 1865 564 συντελῶν

145 593 407 637 ἐπίνοιαν
450 593 606 649 ἔσχεν
644 594 741 634 οὐκ
771 592 1189 648 ἀχρηστοτέραν
1222 601 1297 648 τῆς
1328 596 1442 641 κατὰ
1475 596 1524 636 τὸ
1555 601 1678 647 σῶμα
1711 594 1863 650 ῥώμης

69 651 101 702 ,1'
145 665 186 707 οἱ
229 666 305 720 μὲν
350 665 432 719 γάρ
476 677 606 718 φασιν
653 665 792 718 αὐτὴν
839 666 1077 719 ἄρκυσι-ν
1125 663 1260 706 ἑλεῖν·
1307 666 1346 706 οἱ
1391 663 1434 707 δὲ
1466 664 1538 708 διὰ
1570 673 1646 720 τῆς
1676 666 1865 724 στιβείας

0 747 1 750 ’
77 734 105 777 ³:
146 735 432 793 χειρώσασθαι
481 733 798 788 καθεύδουσαν,
867 738 981 785 τινὲς
1030 735 1074 778 δὲ
1124 741 1291 793 συνεχεῖ
1335 737 1506 794 διωγμῷ
1548 745 1865 792 καταπονῆσαι·

146 805 292 863 πλὴν
324 805 456 851 ἄνευ
487 807 615 860 βίας
645 808 738 855 καὶ
769 806 1046 851 κινδύνων
1079 807 1170 850 διὰ
1210 816 1306 863 τῆς
1349 811 1492 850 κατὰ
1534 810 1636 863 τὴν
1678 809 1865 864 ψύχην

144 877 442 935 ἀγχινοίας
472 880 569 920 τὸν
601 874 782 920 ἆθλον
815 886 971 921 τοῦτον
1004 882 1325 935 κατειργάσατο.

68 993 76 1019 ζ
203 949 330 997 Avoe
361 948 691 1008 Stymphalides
721 951 911 1007 sagittis
940 950 1172 1007 interfecit,
1190 961 1237 996 ut
1259 953 1355 1009 ipse
1371 952 1574 997 concedit
1592 951 1862 997 Vollmerus.

75 1019 84 1067 ξ·
146 1021 286 1068 Vides
320 1022 453 1080 igitur
490 1034 582 1067 non
620 1022 861 1067 admodum
893 1022 1134 1068 verisimile
1164 1033 1270 1068 esse
1301 1025 1564 1068 sententiam
1595 1025 1654 1067 ita
1685 1023 1866 1080 explen-

144 1093 247 1150 dam
276 1105 393 1149 esse,
423 1102 470 1138 ut
502 1092 702 1157 Vollmer
735 1094 839 1139 vult.
906 1092 1027 1140 Cum
1059 1104 1206 1140 tamen
1238 1107 1373 1152 aegre
1404 1095 1654 1140 desiderem
1675 1096 1722 1139 in
1742 1095 1863 1140 initio
1901 1100 1904 1102 “

75 1203 78 1207 .
145 1175 305 1210 versus
333 1163 396 1208 69
424 1165 781 1210 coniunctionem
812 1165 1157 1222 adversativam,
1188 1167 1324 1211 credo
1356 1179 1516 1211 versus
1548 1166 1619 1211 73.
1652 1166 1710 1212 74
1727 1175 1868 1211 trans-

63 1240 81 1249 “’
145 1235 380 1294 ponendos
409 1248 512 1282 esse
542 1246 642 1294 post
671 1237 744 1293 68,
777 1239 848 1294 ita,
880 1247 926 1283 ut
949 1251 1108 1284 versus
1133 1238 1380 1284 Herculem
1401 1238 1630 1283 laudantes
1650 1236 1864 1297 (69—72)

60 1306 100 1343 2-
120 1354 125 1358 ,
145 1317 267 1353 novo
309 1317 571 1366 argumento
603 1308 937 1367 clarissimoque
969 1310 1178 1368 exemplo
1210 1312 1315 1355 artis
1348 1311 1575 1355 venaticae
1601 1309 1863 1355 confirment

68 1386 70 1390 “
144 1377 384 1435 utilitatem3
416 1379 522 1424 mihi
552 1381 684 1438 igitur
705 1390 835 1437 poeta
860 1381 1071 1427 Herculis
1093 1394 1257 1427 nomen
1280 1382 1394 1427 hanc
1416 1383 1474 1427 ob
1491 1394 1670 1427 causam
1686 1380 1863 1426 adferre

145 1449 335 1506 videtur,
381 1460 429 1496 ut
473 1451 644 1508 doceat,
691 1462 882 1510 quantae
927 1453 1095 1511 gloriae
1134 1453 1327 1499 venandi
1359 1466 1432 1498 ars
1462 1454 1593 1498 etiam
1631 1454 1740 1498 viris
1774 1454 1861 1497 iam

146 1521 321 1568 aliunde
355 1522 542 1580 gloriam
588 1522 757 1582 adeptis
803 1536 903 1570 esse
949 1527 1108 1583 possit:
1155 1527 1252 1583 ipse
1301 1524 1523 1586 Hercules
1553 1525 1624 1584 :ex
1653 1524 1737 1569 hac
1768 1532 1864 1568 arte

3 1618 5 1644 3
68 1611 78 1652 ῃ
143 1592 281 1639 decus
311 1593 498 1652 adeptus
527 1604 593 1640 est
624 1604 667 1641 et
698 1597 905 1653 primum,
937 1597 963 1640 i.
986 1608 1025 1642 e.
1058 1598 1362 1654 praecipuum,
1394 1597 1627 1642 honorem.

201 1735 274 1782 69.
321 1736 596 1794 cultorque
639 1737 787 1784 feri..
810 1773 847 1784 ..
905 1739 1075 1785 orbis:
1123 1749 1288 1785 terram
1331 1741 1540 1785 monstris
1571 1741 1862 1798 tyrannisque

54 1807 74 1850 2,
143 1807 374 1855 liberando
403 1810 593 1856 reddidit
623 1811 930 1869 agriculturae,
963 1812 1184 1869 cultuique
1217 1812 1480 1856 humaniori.

202 1878 546 1937 Tirynthius:
592 1889 687 1925 erat
726 1881 959 1938 privignus
995 1880 1350 1937 AmphitruoniS,
1384 1882 1503 1938 regis
1541 1879 1773 1936 Tirynthis
1804 1879 1859 1925 cf.

146 1949 239 1998 Ov.
272 1950 388 1997 Fast.
421 1951 454 1997 1.
487 1951 600 2007 5473
633 1951 688 1996 V.
722 1951 824 1996 629.

62 2126 77 2162 ΤΑ
201 2093 273 2141 70.
305 2106 564 2151 praeceps
583 2094 751 2139 ianua
774 2094 938 2140 Ditis:
985 2096 1038 2140 cf.
1088 2095 1263 2140 Lucret.
1315 2095 1345 2140 1.
1401 2095 1513 2139 1112
1552 2095 1698 2140 ianua
1734 2094 1835 2139 Leti
1845 2107 1862 2149 ;

63 2167 84 2218 gi
143 2165 281 2226 Verg,
329 2166 442 2213 Aen.
488 2165 566 2212 V1.
606 2165 687 2211 127
719 2170 877 2212 noctes
907 2170 1047 2223 atque
1077 2167 1181 2212 dies
1210 2170 1340 2222 patet
1369 2167 1462 2212 atri
1495 2167 1679 2212 ianua
1711 2166 1862 2220 Ditis,-

60 2241 85 2290 ἓ
146 2237 260 2285 Ditis
299 2239 476 2283 ianuam
503 2238 805 2294 praecipitem
822 2241 1033 2284 nominat
1069 2238 1286 2294 GrattiuS,
1319 2241 1420 2296 quia
1452 2252 1534 2296 per
1564 2252 1663 2284 eam
1696 2240 1863 2297 praeci-

2 2357 6 2360 .
63 2309 85 2369 J
142 2310 232 2368 pite
262 2311 335 2357 via
366 2311 422 2355 ad
451 2309 621 2356 inleros
652 2311 978 2356 descendimus,

69 2490 79 2495 ff
201 2452 272 2501 71.
316 2465 508 2510 passa:
549 2455 613 2499 sic
643 2455 801 2511 scripsi
833 2466 934 2506 cum
968 2453 1211 2500 lohnsonio
1241 2464 1284 2500 et
1320 2455 1521 2500 Henrico
1553 2453 1753 2500 Schenkl
1785 2453 1858 2513 (zu

146 2521 362 2582 GrattiuS‚
393 2539 436 2583 p.
468 2525 594 2584 420);
628 2525 883 2571 Vollmerus
904 2526 1136 2572 lectionem
1155 2528 1199 2571 in
1217 2526 1256 2571 Α
1275 2527 1477 2572 traditam
1491 2526 1628 2582 passi
1649 2525 1857 2580 defendit,

59 2583 86 2639 :31
144 2604 319 2654 poetam
365 2598 582 2655 cogitasse
627 2607 748 2645 ratus
799 2598 875 2651 „di
919 2597 1221 2655 hominesque
1266 2599 1443 2655 passi‘’‚
1491 2599 1576 2643 sed
1618 2598 1704 2643 hoc
1751 2597 1858 2642 mihi

143 2667 274 2713 nimis
304 2668 465 2714 durum
497 2669 686 2714 videtur.

61 2734 86 2752 ,

201 2809 352 2867 73174.
414 2811 586 2868 exige,
618 2811 666 2856 si
698 2823 804 2868 qua
835 2811 971 2857 meis
1001 2813 1292 2868 respondet
1323 2816 1392 2858 ab
1425 2813 1648 2866 arubae,
1672 2823 1816 2868 ergo,
1838 2816 1859 2864 Ι

144 2880 336 2938 gratia,
368 2894 505 2939 quae
536 2883 682 2929 vires
712 2882 866 2928 fallat
887 2884 1103 2929 conlata
1123 2884 1351 2930 ferinas:
1374 2895 1519 2930 tecum
1541 2886 1670 2943 igitur
1686 2891 1856 2940 reputa,

3 3031 5 3034 Ι
143 2961 251 3069 aum
282 2955 393 3069 igneis
422 2966 481 3036 ex
513 2956 677 3000 artibus
709 2955 868 3001 utilitas
898 2958 1144 3013 proveniat,
1177 2969 1292 3014 quae
1321 2957 1460 3007 <bello
1492 2956 1660 3005 ferino>
1685 2954 1856 3000 conlata

60 3030 78 3070 7*
187 3035 263 3070 ras
323 3036 494 3083 ecipiat.

203 3095 382 3153 exige:
434 3098 615 3154 exigere
665 3098 876 3156 significat
932 3101 1011 3154 „ad
1063 3101 1427 3158 perpendiculum
1481 3101 1551 3145 vel
1598 3100 1653 3144 ad
1700 3099 1856 3143 libram
