<?xml version="1.0" encoding="UTF-8"?>
<!DOCTYPE html PUBLIC "-//W3C//DTD XHTML 1.0 Transitional//EN"
    "http://www.w3.org/TR/xhtml1/DTD/xhtml1-transitional.dtd">
<html xmlns="http://www.w3.org/1999/xhtml" xml:lang="en" lang="en">
 <head>
  <title>
</title>
<meta http-equiv="Content-Type" content="text/html;charset=utf-8" />
  <meta name='ocr-system' content='tesseract 3.04.00' />
  <meta name='ocr-capabilities' content='ocr_page ocr_carea ocr_par ocr_line ocrx_word'/>
</head>
<body>
  <div class='ocr_page' id='page_1' title='image "./cynegeticonquaes00gratuoft_0256.png"; bbox 0 0 2210 3568; ppageno 0'>
   <div class='ocr_carea' id='block_1_1' title="bbox 1182 252 1263 297">
    <p class='ocr_par' dir='ltr' id='par_1_1' title="bbox 1182 252 1263 297">
     <span class='ocr_line' id='line_1_1' title="bbox 1182 252 1263 297; baseline 0.012 -1"><span class='ocrx_word' id='word_1_1' title='bbox 1182 252 1263 297; x_wconf 83' lang='lat'><strong><em>136</em></strong></span> 
     </span>
    </p>
   </div>
   <div class='ocr_carea' id='block_1_2' title="bbox 339 381 2060 582">
    <p class='ocr_par' dir='ltr' id='par_1_2' title="bbox 339 381 2060 582">
     <span class='ocr_line' id='line_1_2' title="bbox 357 381 2058 438; baseline 0.001 -10"><span class='ocrx_word' id='word_1_2' title='bbox 357 384 652 428; x_wconf 86' lang='lat' dir='ltr'><strong><em>coniecturam</em></strong></span> <span class='ocrx_word' id='word_1_3' title='bbox 699 381 817 426; x_wconf 90' lang='lat' dir='ltr'><strong><em>Vlitii</em></strong></span> <span class='ocrx_word' id='word_1_4' title='bbox 863 382 1139 437; x_wconf 86' lang='lat' dir='ltr'><strong><em>respondent</em></strong></span> <span class='ocrx_word' id='word_1_5' title='bbox 1183 393 1266 438; x_wconf 85' lang='lat' dir='ltr'><strong><em>pro</em></strong></span> <span class='ocrx_word' id='word_1_6' title='bbox 1311 382 1555 437; x_wconf 81' lang='lat' dir='ltr'><strong><em>respondet</em></strong></span> <span class='ocrx_word' id='word_1_7' title='bbox 1604 394 1736 438; x_wconf 89' lang='lat' dir='ltr'><strong><em>quarn</em></strong></span> <span class='ocrx_word' id='word_1_8' title='bbox 1796 394 1884 427; x_wconf 90' lang='lat' dir='ltr'><strong><em>non</em></strong></span> <span class='ocrx_word' id='word_1_9' title='bbox 1915 383 2058 429; x_wconf 87' lang='lat' dir='ltr'><strong><em>solum</em></strong></span> 
     </span>
     <span class='ocr_line' id='line_1_3' title="bbox 339 452 2054 517; baseline 0.001 -20"><span class='ocrx_word' id='word_1_10' title='bbox 339 466 448 517; x_wconf 16' lang='lat' dir='ltr'><strong><em>unon</em></strong></span> <span class='ocrx_word' id='word_1_11' title='bbox 479 454 787 507; x_wconf 84' lang='lat' dir='ltr'><strong><em>necessariam,</em></strong></span> <span class='ocrx_word' id='word_1_12' title='bbox 818 452 897 496; x_wconf 90' lang='lat' dir='ltr'><strong><em>sed</em></strong></span> <span class='ocrx_word' id='word_1_13' title='bbox 927 453 1056 497; x_wconf 88' lang='lat' dir='ltr'><strong><em>etiam</em></strong></span> <span class='ocrx_word' id='word_1_14' title='bbox 1087 452 1239 497; x_wconf 87' lang='lat' dir='ltr'><strong><em>falsam</em></strong></span> <span class='ocrx_word' id='word_1_15' title='bbox 1271 453 1399 508; x_wconf 88' lang='lat' dir='ltr'><strong><em>duco,</em></strong></span> <span class='ocrx_word' id='word_1_16' title='bbox 1431 465 1534 497; x_wconf 90' lang='lat' dir='ltr'><strong><em>nam</em></strong></span> <span class='ocrx_word' id='word_1_17' title='bbox 1575 453 1873 509; x_wconf 88' lang='lat' dir='ltr'><strong><em>„respondere</em></strong></span> <span class='ocrx_word' id='word_1_18' title='bbox 1890 453 1944 498; x_wconf 87' lang='lat' dir='ltr'><strong><em>ad</em></strong></span> <span class='ocrx_word' id='word_1_19' title='bbox 1960 466 2054 499; x_wconf 83' lang='lat' dir='ltr'><strong><em>rem</em></strong></span> 
     </span>
     <span class='ocr_line' id='line_1_4' title="bbox 358 523 2060 582; baseline 0.002 -15"><span class='ocrx_word' id='word_1_20' title='bbox 358 525 585 582; x_wconf 84' lang='lat' dir='ltr'><strong><em>rogatam‘’</em></strong></span> <span class='ocrx_word' id='word_1_21' title='bbox 617 536 706 567; x_wconf 89' lang='lat' dir='ltr'><strong><em>non</em></strong></span> <span class='ocrx_word' id='word_1_22' title='bbox 738 532 857 568; x_wconf 86' lang='lat' dir='ltr'><strong><em>recte</em></strong></span> <span class='ocrx_word' id='word_1_23' title='bbox 887 523 1042 568; x_wconf 91' lang='lat' dir='ltr'><strong><em>dicitur</em></strong></span> <span class='ocrx_word' id='word_1_24' title='bbox 1071 535 1215 580; x_wconf 90' lang='lat' dir='ltr'><strong><em>neque</em></strong></span> <span class='ocrx_word' id='word_1_25' title='bbox 1246 523 1570 580; x_wconf 87' lang='lat' dir='ltr'><strong><em>comparandus</em></strong></span> <span class='ocrx_word' id='word_1_26' title='bbox 1602 523 1782 581; x_wconf 80' lang='lat' dir='ltr'>Vergilii</span> <span class='ocrx_word' id='word_1_27' title='bbox 1800 524 2060 571; x_wconf 79' lang='lat' dir='ltr'><strong><em>versus-illa</em></strong></span> 
     </span>
    </p>
   </div>
   <div class='ocr_carea' id='block_1_3' title="bbox 358 593 2060 723">
    <p class='ocr_par' dir='ltr' id='par_1_3' title="bbox 358 593 2060 723">
     <span class='ocr_line' id='line_1_5' title="bbox 358 593 2060 652; baseline 0 -13"><span class='ocrx_word' id='word_1_28' title='bbox 358 606 491 651; x_wconf 81' lang='lat' dir='ltr'><strong><em>seges</em></strong></span> <span class='ocrx_word' id='word_1_29' title='bbox 519 595 641 639; x_wconf 83' lang='lat' dir='ltr'><strong><em>votis</em></strong></span> <span class='ocrx_word' id='word_1_30' title='bbox 671 594 913 650; x_wconf 79' lang='lat' dir='ltr'><strong><em>respondet</em></strong></span> <span class='ocrx_word' id='word_1_31' title='bbox 942 594 1075 638; x_wconf 84' lang='lat' dir='ltr'><strong><em>avari</em></strong></span> <span class='ocrx_word' id='word_1_32' title='bbox 1103 599 1122 648; x_wconf 83' lang='lat' dir='ltr'><em>s</em></span> <span class='ocrx_word' id='word_1_33' title='bbox 1153 594 1396 650; x_wconf 86' lang='lat' dir='ltr'><strong><em>agricolae.</em></strong></span> <span class='ocrx_word' id='word_1_34' title='bbox 1429 593 1715 650; x_wconf 83' lang='lat' dir='ltr'><strong><em>Supervacua</em></strong></span> <span class='ocrx_word' id='word_1_35' title='bbox 1731 596 1862 652; x_wconf 87' lang='lat' dir='ltr'><strong><em>igitur</em></strong></span> <span class='ocrx_word' id='word_1_36' title='bbox 1883 594 2060 640; x_wconf 86' lang='lat' dir='ltr'><strong><em>Heinsii</em></strong></span> 
     </span>
     <span class='ocr_line' id='line_1_6' title="bbox 360 665 987 723; baseline -0.002 -13"><span class='ocrx_word' id='word_1_37' title='bbox 360 677 537 723; x_wconf 88' lang='lat' dir='ltr'><strong><em>quoque</em></strong></span> <span class='ocrx_word' id='word_1_38' title='bbox 567 666 818 710; x_wconf 88' lang='lat' dir='ltr'><strong><em>coniectura</em></strong></span> <span class='ocrx_word' id='word_1_39' title='bbox 850 665 987 709; x_wconf 80' lang='lat' dir='ltr'><strong><em>culta.</em></strong></span> 
     </span>
    </p>
   </div>
   <div class='ocr_carea' id='block_1_4' title="bbox 361 770 2063 886">
    <p class='ocr_par' dir='ltr' id='par_1_4' title="bbox 361 770 2063 886">
     <span class='ocr_line' id='line_1_7' title="bbox 418 770 2063 826; baseline 0.001 -11"><span class='ocrx_word' id='word_1_40' title='bbox 418 771 518 815; x_wconf 86' lang='lat'><strong><em>494.</em></strong></span> <span class='ocrx_word' id='word_1_41' title='bbox 566 770 778 816; x_wconf 84' lang='lat' dir='ltr'><strong><em>vincere</em></strong></span> <span class='ocrx_word' id='word_1_42' title='bbox 823 770 1015 815; x_wconf 87' lang='lat' dir='ltr'><strong><em>silvas:</em></strong></span> <span class='ocrx_word' id='word_1_43' title='bbox 1049 791 1105 809; x_wconf 89' lang='lat'><strong>=</strong></span> <span class='ocrx_word' id='word_1_44' title='bbox 1138 773 1315 816; x_wconf 88' lang='lat' dir='ltr'><strong><em>vincere</em></strong></span> <span class='ocrx_word' id='word_1_45' title='bbox 1361 771 1492 826; x_wconf 81' lang='lat' dir='ltr'><strong><em>feras,</em></strong></span> <span class='ocrx_word' id='word_1_46' title='bbox 1528 770 1582 815; x_wconf 84' lang='lat' dir='ltr'><strong><em>cf.</em></strong></span> <span class='ocrx_word' id='word_1_47' title='bbox 1615 781 1811 816; x_wconf 87' lang='lat' dir='ltr'><strong><em>nostram</em></strong></span> <span class='ocrx_word' id='word_1_48' title='bbox 1846 771 1901 815; x_wconf 88' lang='lat' dir='ltr'><strong><em>ad</em></strong></span> <span class='ocrx_word' id='word_1_49' title='bbox 1932 781 1998 816; x_wconf 87' lang='lat' dir='ltr'><strong><em>vs.</em></strong></span> <span class='ocrx_word' id='word_1_50' title='bbox 2032 771 2063 815; x_wconf 88' lang='lat'>3</span> 
     </span>
     <span class='ocr_line' id='line_1_8' title="bbox 361 842 701 886; baseline 0 0"><span class='ocrx_word' id='word_1_51' title='bbox 361 842 701 886; x_wconf 85' lang='lat' dir='ltr'><strong><em>adnotationem.</em></strong></span> 
     </span>
    </p>
   </div>
   <div class='ocr_carea' id='block_1_5' title="bbox 362 943 2059 1144">
    <p class='ocr_par' dir='ltr' id='par_1_5' title="bbox 362 943 2059 1144">
     <span class='ocr_line' id='line_1_9' title="bbox 420 943 2058 1007; baseline 0 -15"><span class='ocrx_word' id='word_1_52' title='bbox 420 943 519 992; x_wconf 84' lang='lat'><strong><em>495.</em></strong></span> <span class='ocrx_word' id='word_1_53' title='bbox 550 947 784 993; x_wconf 83' lang='lat' dir='ltr'><strong><em>fatorum</em></strong></span> <span class='ocrx_word' id='word_1_54' title='bbox 814 949 964 993; x_wconf 85' lang='lat' dir='ltr'><strong><em>labes</em></strong></span> <span class='ocrx_word' id='word_1_55' title='bbox 995 948 1295 1003; x_wconf 82' lang='lat' dir='ltr'><strong><em>minasque:</em></strong></span> <span class='ocrx_word' id='word_1_56' title='bbox 1326 948 1514 992; x_wconf 86' lang='lat' dir='ltr'><strong><em>morbos</em></strong></span> <span class='ocrx_word' id='word_1_57' title='bbox 1545 946 1615 1003; x_wconf 78' lang='lat' dir='ltr'><strong><em>(ci.</em></strong></span> <span class='ocrx_word' id='word_1_58' title='bbox 1648 961 1782 1005; x_wconf 88' lang='lat' dir='ltr'><strong><em>supra</em></strong></span> <span class='ocrx_word' id='word_1_59' title='bbox 1812 947 1919 1007; x_wconf 84' lang='lat'><strong>366)</strong></span> <span class='ocrx_word' id='word_1_60' title='bbox 1940 960 2058 993; x_wconf 87' lang='lat' dir='ltr'><strong><em>mor-</em></strong></span> 
     </span>
     <span class='ocr_line' id='line_1_10' title="bbox 362 1018 2059 1076; baseline -0.001 -12"><span class='ocrx_word' id='word_1_61' title='bbox 362 1028 537 1076; x_wconf 88' lang='lat' dir='ltr'><strong><em>temque</em></strong></span> <span class='ocrx_word' id='word_1_62' title='bbox 563 1032 676 1076; x_wconf 87' lang='lat' dir='ltr'><strong><em>quae</em></strong></span> <span class='ocrx_word' id='word_1_63' title='bbox 697 1021 747 1063; x_wconf 89' lang='lat' dir='ltr'><strong><em>iis</em></strong></span> <span class='ocrx_word' id='word_1_64' title='bbox 762 1031 939 1076; x_wconf 84' lang='lat' dir='ltr'><strong><em>semper</em></strong></span> <span class='ocrx_word' id='word_1_65' title='bbox 955 1019 1164 1076; x_wconf 89' lang='lat' dir='ltr'><strong><em>impendit</em></strong></span> <span class='ocrx_word' id='word_1_66' title='bbox 1179 1033 1188 1062; x_wconf 92' lang='lat'>:</span> <span class='ocrx_word' id='word_1_67' title='bbox 1203 1022 1299 1062; x_wconf 84' lang='lat' dir='ltr'><strong><em>stat</em></strong></span> <span class='ocrx_word' id='word_1_68' title='bbox 1313 1019 1430 1062; x_wconf 91' lang='lat' dir='ltr'><strong><em>enim</em></strong></span> <span class='ocrx_word' id='word_1_69' title='bbox 1447 1018 1612 1062; x_wconf 83' lang='lat' dir='ltr'><strong><em>Fatum</em></strong></span> <span class='ocrx_word' id='word_1_70' title='bbox 1626 1030 1781 1074; x_wconf 82' lang='lat' dir='ltr'><strong><em>supra,</em></strong></span> <span class='ocrx_word' id='word_1_71' title='bbox 1798 1019 1853 1064; x_wconf 87' lang='lat' dir='ltr'><strong><em>cf.</em></strong></span> <span class='ocrx_word' id='word_1_72' title='bbox 1874 1031 1939 1063; x_wconf 76' lang='lat' dir='ltr'><strong><em>vs,</em></strong></span> <span class='ocrx_word' id='word_1_73' title='bbox 1958 1018 2059 1063; x_wconf 87' lang='lat'><strong><em>347.</em></strong></span> 
     </span>
     <span class='ocr_line' id='line_1_11' title="bbox 421 1089 1351 1144; baseline -0.004 -9"><span class='ocrx_word' id='word_1_74' title='bbox 421 1089 591 1135; x_wconf 83' lang='lat' dir='ltr'><strong><em>exire:</em></strong></span> <span class='ocrx_word' id='word_1_75' title='bbox 622 1091 830 1144; x_wconf 86' lang='lat' dir='ltr'><strong><em>evadere,</em></strong></span> <span class='ocrx_word' id='word_1_76' title='bbox 862 1089 916 1134; x_wconf 77' lang='lat' dir='ltr'><strong><em>cf.</em></strong></span> <span class='ocrx_word' id='word_1_77' title='bbox 949 1101 1033 1133; x_wconf 88' lang='lat' dir='ltr'><strong><em>nos</em></strong></span> <span class='ocrx_word' id='word_1_78' title='bbox 1064 1090 1118 1132; x_wconf 89' lang='lat' dir='ltr'><strong><em>ad</em></strong></span> <span class='ocrx_word' id='word_1_79' title='bbox 1151 1102 1216 1134; x_wconf 91' lang='lat' dir='ltr'><strong><em>vs.</em></strong></span> <span class='ocrx_word' id='word_1_80' title='bbox 1256 1089 1351 1132; x_wconf 85' lang='lat'><strong><em>197.</em></strong></span> 
     </span>
    </p>
   </div>
   <div class='ocr_carea' id='block_1_6' title="bbox 363 1205 2062 1475">
    <p class='ocr_par' dir='ltr' id='par_1_6' title="bbox 363 1205 2062 1475">
     <span class='ocr_line' id='line_1_12' title="bbox 422 1205 2061 1264; baseline -0.002 -12"><span class='ocrx_word' id='word_1_81' title='bbox 422 1207 521 1252; x_wconf 89' lang='grc'>496.</span> <span class='ocrx_word' id='word_1_82' title='bbox 584 1208 761 1264; x_wconf 86' lang='lat' dir='ltr'><strong><em>virgo:</em></strong></span> <span class='ocrx_word' id='word_1_83' title='bbox 809 1207 980 1262; x_wconf 82' lang='lat' dir='ltr'><strong><em>Diana3</em></strong></span> <span class='ocrx_word' id='word_1_84' title='bbox 1025 1207 1077 1251; x_wconf 81' lang='lat' dir='ltr'><strong><em>cf.</em></strong></span> <span class='ocrx_word' id='word_1_85' title='bbox 1127 1206 1300 1250; x_wconf 83' lang='lat' dir='ltr'><strong><em>Arrian.</em></strong></span> <span class='ocrx_word' id='word_1_86' title='bbox 1352 1205 1529 1264; x_wconf 89' lang='lat' dir='ltr'><strong><em>Cyneg.</em></strong></span> <span class='ocrx_word' id='word_1_87' title='bbox 1573 1207 1645 1251; x_wconf 86' lang='lat'><strong><em>35.</em></strong></span> <span class='ocrx_word' id='word_1_88' title='bbox 1697 1208 1793 1255; x_wconf 76' lang='grc' dir='ltr'><strong><em>τοὺς</em></strong></span> <span class='ocrx_word' id='word_1_89' title='bbox 1836 1207 1905 1253; x_wconf 70' lang='grc' dir='ltr'><strong><em>ἐπὶ</em></strong></span> <span class='ocrx_word' id='word_1_90' title='bbox 1946 1207 2061 1264; x_wconf 76' lang='grc' dir='ltr'><strong><em>θήρᾳ</em></strong></span> 
     </span>
     <span class='ocr_line' id='line_1_13' title="bbox 363 1276 2062 1334; baseline 0 -14"><span class='ocrx_word' id='word_1_91' title='bbox 363 1277 673 1327; x_wconf 67' lang='grc' dir='ltr'><strong><em>ἐσπουδακότας</em></strong></span> <span class='ocrx_word' id='word_1_92' title='bbox 726 1280 776 1320; x_wconf 78' lang='grc' dir='ltr'><strong><em>οὐ</em></strong></span> <span class='ocrx_word' id='word_1_93' title='bbox 830 1279 902 1334; x_wconf 80' lang='grc' dir='ltr'><strong><em>χρὴ</em></strong></span> <span class='ocrx_word' id='word_1_94' title='bbox 949 1277 1114 1331; x_wconf 72' lang='grc' dir='ltr'><em>ἀμελεῖν</em></span> <span class='ocrx_word' id='word_1_95' title='bbox 1157 1285 1233 1331; x_wconf 80' lang='grc' dir='ltr'><em>,τῆς</em></span> <span class='ocrx_word' id='word_1_96' title='bbox 1278 1276 1513 1332; x_wconf 79' lang='grc' dir='ltr'><strong><em>Ἀρτέμιδος</em></strong></span> <span class='ocrx_word' id='word_1_97' title='bbox 1558 1285 1630 1331; x_wconf 84' lang='grc' dir='ltr'><strong><em>τῆς</em></strong></span> <span class='ocrx_word' id='word_1_98' title='bbox 1675 1277 1916 1333; x_wconf 79' lang='grc' dir='ltr'><strong><em>Ἀγροτέρας</em></strong></span> <span class='ocrx_word' id='word_1_99' title='bbox 1966 1277 2062 1320; x_wconf 76' lang='grc' dir='ltr'><strong><em>οὐδὲ</em></strong></span> 
     </span>
     <span class='ocr_line' id='line_1_14' title="bbox 363 1347 2062 1404; baseline -0.001 -13"><span class='ocrx_word' id='word_1_100' title='bbox 363 1348 628 1398; x_wconf 74' lang='grc' dir='ltr'><strong><em>’Λπόλλωνος</em></strong></span> <span class='ocrx_word' id='word_1_101' title='bbox 673 1350 766 1392; x_wconf 78' lang='grc' dir='ltr'><strong><em>οὐδὲ</em></strong></span> <span class='ocrx_word' id='word_1_102' title='bbox 814 1351 975 1401; x_wconf 76' lang='grc' dir='ltr'><strong><em>Πανὸς,</em></strong></span> <span class='ocrx_word' id='word_1_103' title='bbox 1022 1348 1115 1391; x_wconf 76' lang='grc' dir='ltr'><strong><em>οὐδὲ</em></strong></span> <span class='ocrx_word' id='word_1_104' title='bbox 1161 1350 1365 1402; x_wconf 62' lang='grc' dir='ltr'><strong><em>Νυμφῶν</em></strong></span> <span class='ocrx_word' id='word_1_105' title='bbox 1409 1347 1503 1389; x_wconf 79' lang='grc' dir='ltr'><strong><em>οὐδὲ</em></strong></span> <span class='ocrx_word' id='word_1_106' title='bbox 1547 1350 1706 1404; x_wconf 70' lang='grc' dir='ltr'><strong><em>ιΕρμοῦ</em></strong></span> <span class='ocrx_word' id='word_1_107' title='bbox 1750 1347 1947 1392; x_wconf 73' lang='grc' dir='ltr'><strong><em>Ἐνοδίου</em></strong></span> <span class='ocrx_word' id='word_1_108' title='bbox 1992 1350 2062 1390; x_wconf 79' lang='grc' dir='ltr'><strong><em>καὶ</em></strong></span> 
     </span>
     <span class='ocr_line' id='line_1_15' title="bbox 363 1418 1297 1475; baseline -0.005 -10"><span class='ocrx_word' id='word_1_109' title='bbox 363 1421 613 1474; x_wconf 71' lang='grc' dir='ltr'><strong><em>ἿΙγεμονίου</em></strong></span> <span class='ocrx_word' id='word_1_110' title='bbox 643 1420 736 1463; x_wconf 76' lang='grc' dir='ltr'><strong><em>οὐδὲ</em></strong></span> <span class='ocrx_word' id='word_1_111' title='bbox 767 1421 852 1462; x_wconf 79' lang='grc' dir='ltr'><strong><em>ὅσοι</em></strong></span> <span class='ocrx_word' id='word_1_112' title='bbox 885 1418 1004 1461; x_wconf 77' lang='grc' dir='ltr'><strong><em>ἄλλοι</em></strong></span> <span class='ocrx_word' id='word_1_113' title='bbox 1037 1419 1154 1475; x_wconf 73' lang='grc' dir='ltr'><strong><em>ὄρειοι</em></strong></span> <span class='ocrx_word' id='word_1_114' title='bbox 1189 1420 1297 1470; x_wconf 76' lang='grc' dir='ltr'><strong><em>θεοί.</em></strong></span> 
     </span>
    </p>
   </div>
   <div class='ocr_carea' id='block_1_7' title="bbox 1075 1537 1366 1593">
    <p class='ocr_par' dir='ltr' id='par_1_7' title="bbox 1075 1537 1366 1593">
     <span class='ocr_line' id='line_1_16' title="bbox 1075 1537 1366 1593; baseline 0.003 -12"><span class='ocrx_word' id='word_1_115' title='bbox 1075 1537 1151 1582; x_wconf 91' lang='lat' dir='ltr'><strong><em>De</em></strong></span> <span class='ocrx_word' id='word_1_116' title='bbox 1196 1537 1366 1593; x_wconf 77' lang='lat' dir='ltr'><strong><em>equis.</em></strong></span> 
     </span>
    </p>
   </div>
   <div class='ocr_carea' id='block_1_8' title="bbox 366 1655 2066 1783">
    <p class='ocr_par' dir='ltr' id='par_1_8' title="bbox 366 1655 2066 1783">
     <span class='ocr_line' id='line_1_17' title="bbox 426 1655 2066 1714; baseline -0.001 -13"><span class='ocrx_word' id='word_1_117' title='bbox 426 1656 525 1701; x_wconf 85' lang='grc'><strong>497.</strong></span> <span class='ocrx_word' id='word_1_118' title='bbox 590 1655 866 1701; x_wconf 85' lang='lat' dir='ltr'><strong><em>Vocabulum</em></strong></span> <span class='ocrx_word' id='word_1_119' title='bbox 903 1660 1048 1700; x_wconf 83' lang='lat' dir='ltr'><strong><em>restat</em></strong></span> <span class='ocrx_word' id='word_1_120' title='bbox 1078 1656 1205 1701; x_wconf 91' lang='lat' dir='ltr'><strong><em>docet</em></strong></span> <span class='ocrx_word' id='word_1_121' title='bbox 1236 1656 1348 1700; x_wconf 90' lang='lat' dir='ltr'><strong><em>hanc</em></strong></span> <span class='ocrx_word' id='word_1_122' title='bbox 1381 1657 1575 1706; x_wconf 83' lang='lat' dir='ltr'><strong><em>ultimam</em></strong></span> <span class='ocrx_word' id='word_1_123' title='bbox 1606 1665 1774 1713; x_wconf 86' lang='lat' dir='ltr'><strong><em>partem</em></strong></span> <span class='ocrx_word' id='word_1_124' title='bbox 1806 1657 1903 1701; x_wconf 86' lang='lat' dir='ltr'><strong><em>libri</em></strong></span> <span class='ocrx_word' id='word_1_125' title='bbox 1936 1657 2066 1714; x_wconf 86' lang='lat' dir='ltr'><strong><em>primi</em></strong></span> 
     </span>
     <span class='ocr_line' id='line_1_18' title="bbox 366 1725 1105 1783; baseline -0.001 -11"><span class='ocrx_word' id='word_1_126' title='bbox 366 1739 480 1783; x_wconf 89' lang='lat' dir='ltr'><strong><em>esse,</em></strong></span> <span class='ocrx_word' id='word_1_127' title='bbox 510 1728 634 1771; x_wconf 89' lang='lat' dir='ltr'><strong><em>cuius</em></strong></span> <span class='ocrx_word' id='word_1_128' title='bbox 664 1736 810 1771; x_wconf 90' lang='lat' dir='ltr'><strong><em>tamen</em></strong></span> <span class='ocrx_word' id='word_1_129' title='bbox 842 1725 939 1770; x_wconf 83' lang='lat' dir='ltr'><strong><em>finis</em></strong></span> <span class='ocrx_word' id='word_1_130' title='bbox 969 1727 1105 1771; x_wconf 86' lang='lat' dir='ltr'><strong><em>deest.</em></strong></span> 
     </span>
    </p>
   </div>
   <div class='ocr_carea' id='block_1_9' title="bbox 420 1797 1996 1931">
    <p class='ocr_par' dir='ltr' id='par_1_9' title="bbox 420 1797 1996 1931">
     <span class='ocr_line' id='line_1_19' title="bbox 424 1797 1996 1853; baseline 0.001 -12"><span class='ocrx_word' id='word_1_131' title='bbox 424 1797 577 1842; x_wconf 88' lang='lat' dir='ltr'><strong><em>finire</em></strong></span> <span class='ocrx_word' id='word_1_132' title='bbox 608 1797 772 1842; x_wconf 85' lang='lat' dir='ltr'><strong><em>notis:</em></strong></span> <span class='ocrx_word' id='word_1_133' title='bbox 804 1817 863 1833; x_wconf 90' lang='lat'>=</span> <span class='ocrx_word' id='word_1_134' title='bbox 892 1797 1074 1841; x_wconf 84' lang='lat' dir='ltr'><strong><em>definire</em></strong></span> <span class='ocrx_word' id='word_1_135' title='bbox 1105 1798 1233 1852; x_wconf 81' lang='lat' dir='ltr'><strong><em>notiS,</em></strong></span> <span class='ocrx_word' id='word_1_136' title='bbox 1265 1797 1318 1841; x_wconf 83' lang='lat' dir='ltr'><strong><em>cf.</em></strong></span> <span class='ocrx_word' id='word_1_137' title='bbox 1353 1810 1417 1842; x_wconf 89' lang='lat' dir='ltr'><strong><em>vs.</em></strong></span> <span class='ocrx_word' id='word_1_138' title='bbox 1449 1797 1538 1841; x_wconf 88' lang='lat'><strong><em>289</em></strong></span> <span class='ocrx_word' id='word_1_139' title='bbox 1563 1809 1831 1853; x_wconf 82' lang='lat' dir='ltr'><strong><em>percensere</em></strong></span> <span class='ocrx_word' id='word_1_140' title='bbox 1861 1798 1996 1843; x_wconf 85' lang='lat' dir='ltr'><strong><em>notis.</em></strong></span> 
     </span>
     <span class='ocr_line' id='line_1_20' title="bbox 420 1866 1928 1931; baseline -0.001 -18"><span class='ocrx_word' id='word_1_141' title='bbox 420 1869 562 1926; x_wconf 86' lang='lat' dir='ltr'><strong><em>finire</em></strong></span> <span class='ocrx_word' id='word_1_142' title='bbox 591 1881 674 1925; x_wconf 89' lang='lat' dir='ltr'><strong><em>pro</em></strong></span> <span class='ocrx_word' id='word_1_143' title='bbox 705 1867 921 1924; x_wconf 84' lang='lat' dir='ltr'><strong><em>definire:</em></strong></span> <span class='ocrx_word' id='word_1_144' title='bbox 950 1867 1003 1912; x_wconf 88' lang='lat' dir='ltr'><strong><em>cf.</em></strong></span> <span class='ocrx_word' id='word_1_145' title='bbox 1040 1867 1222 1923; x_wconf 90' lang='lat' dir='ltr'><strong><em>Quintil.</em></strong></span> <span class='ocrx_word' id='word_1_146' title='bbox 1257 1867 1391 1912; x_wconf 90' lang='lat' dir='ltr'><strong><em>Instit.</em></strong></span> <span class='ocrx_word' id='word_1_147' title='bbox 1426 1867 1479 1912; x_wconf 90' lang='lat'><strong><em>11.</em></strong></span> <span class='ocrx_word' id='word_1_148' title='bbox 1515 1866 1571 1912; x_wconf 92' lang='lat' dir='ltr'><strong><em>C.</em></strong></span> <span class='ocrx_word' id='word_1_149' title='bbox 1611 1867 1928 1931; x_wconf 29' lang='lat' dir='ltr'><strong><em>1.,(Burman).</em></strong></span> 
     </span>
    </p>
   </div>
   <div class='ocr_carea' id='block_1_10' title="bbox 369 1938 2063 2065">
    <p class='ocr_par' dir='ltr' id='par_1_10' title="bbox 369 1938 2063 2065">
     <span class='ocr_line' id='line_1_21' title="bbox 425 1938 2063 1996; baseline -0.001 -12"><span class='ocrx_word' id='word_1_150' title='bbox 425 1943 583 1984; x_wconf 85' lang='lat' dir='ltr'><strong><em>notae:</em></strong></span> <span class='ocrx_word' id='word_1_151' title='bbox 614 1941 738 1996; x_wconf 87' lang='lat' dir='ltr'><strong><em>signa</em></strong></span> <span class='ocrx_word' id='word_1_152' title='bbox 769 1940 927 1996; x_wconf 89' lang='lat' dir='ltr'><strong><em>quibus</em></strong></span> <span class='ocrx_word' id='word_1_153' title='bbox 958 1940 1057 1996; x_wconf 88' lang='lat' dir='ltr'><strong><em>equi</em></strong></span> <span class='ocrx_word' id='word_1_154' title='bbox 1090 1940 1202 1983; x_wconf 88' lang='lat' dir='ltr'><strong><em>inter</em></strong></span> <span class='ocrx_word' id='word_1_155' title='bbox 1233 1952 1282 1989; x_wconf 74' lang='lat' dir='ltr'><strong><em>se</em></strong></span> <span class='ocrx_word' id='word_1_156' title='bbox 1313 1939 1648 1996; x_wconf 86' lang='lat' dir='ltr'><strong><em>distinguuntur,</em></strong></span> <span class='ocrx_word' id='word_1_157' title='bbox 1680 1938 1735 1983; x_wconf 87' lang='lat' dir='ltr'><strong><em>cf.</em></strong></span> <span class='ocrx_word' id='word_1_158' title='bbox 1770 1938 1861 1985; x_wconf 92' lang='lat' dir='ltr'><strong><em>Ov.</em></strong></span> <span class='ocrx_word' id='word_1_159' title='bbox 1881 1939 2063 1984; x_wconf 89' lang='lat' dir='ltr'><strong><em>Metam.</em></strong></span> 
     </span>
     <span class='ocr_line' id='line_1_22' title="bbox 369 2010 1213 2065; baseline 0 -11"><span class='ocrx_word' id='word_1_160' title='bbox 369 2010 400 2055; x_wconf 90' lang='lat'><strong><em>1.</em></strong></span> <span class='ocrx_word' id='word_1_161' title='bbox 433 2010 534 2055; x_wconf 86' lang='lat'><strong><em>761.</em></strong></span> <span class='ocrx_word' id='word_1_162' title='bbox 565 2010 650 2054; x_wconf 89' lang='lat' dir='ltr'><strong><em>ede</em></strong></span> <span class='ocrx_word' id='word_1_163' title='bbox 678 2013 836 2054; x_wconf 82' lang='lat' dir='ltr'><strong><em>notam</em></strong></span> <span class='ocrx_word' id='word_1_164' title='bbox 865 2010 984 2054; x_wconf 83' lang='lat' dir='ltr'><strong><em>tanti</em></strong></span> <span class='ocrx_word' id='word_1_165' title='bbox 1011 2010 1213 2065; x_wconf 85' lang='lat' dir='ltr'><strong><em>generis.</em></strong></span> 
     </span>
    </p>
   </div>
   <div class='ocr_carea' id='block_1_11' title="bbox 425 2080 2066 2138">
    <p class='ocr_par' dir='ltr' id='par_1_11' title="bbox 425 2080 2066 2138">
     <span class='ocr_line' id='line_1_23' title="bbox 425 2080 2066 2138; baseline 0 -13"><span class='ocrx_word' id='word_1_166' title='bbox 425 2093 559 2137; x_wconf 87' lang='lat' dir='ltr'><strong><em>quos</em></strong></span> <span class='ocrx_word' id='word_1_167' title='bbox 590 2092 744 2125; x_wconf 87' lang='lat' dir='ltr'><strong><em>arma</em></strong></span> <span class='ocrx_word' id='word_1_168' title='bbox 774 2080 977 2125; x_wconf 86' lang='lat' dir='ltr'><strong><em>Dianae</em></strong></span> <span class='ocrx_word' id='word_1_169' title='bbox 993 2085 1012 2133; x_wconf 87' lang='grc' dir='ltr'><em>Ι</em></span> <span class='ocrx_word' id='word_1_170' title='bbox 1028 2081 1346 2125; x_wconf 86' lang='lat' dir='ltr'><strong><em>admittant:</em></strong></span> <span class='ocrx_word' id='word_1_171' title='bbox 1368 2082 1441 2138; x_wconf 90' lang='lat' dir='ltr'><strong><em>qui</em></strong></span> <span class='ocrx_word' id='word_1_172' title='bbox 1462 2081 1516 2124; x_wconf 88' lang='lat' dir='ltr'><strong><em>ad</em></strong></span> <span class='ocrx_word' id='word_1_173' title='bbox 1535 2081 1786 2126; x_wconf 89' lang='lat' dir='ltr'><strong><em>venandum</em></strong></span> <span class='ocrx_word' id='word_1_174' title='bbox 1802 2081 1948 2126; x_wconf 88' lang='lat' dir='ltr'><strong><em>idonei</em></strong></span> <span class='ocrx_word' id='word_1_175' title='bbox 1964 2082 2066 2126; x_wconf 89' lang='lat' dir='ltr'><strong><em>sint.</em></strong></span> 
     </span>
    </p>
   </div>
   <div class='ocr_carea' id='block_1_12' title="bbox 360 2198 2067 2750">
    <p class='ocr_par' dir='ltr' id='par_1_12' title="bbox 360 2198 2067 2750">
     <span class='ocr_line' id='line_1_24' title="bbox 428 2198 2065 2256; baseline 0 -13"><span class='ocrx_word' id='word_1_176' title='bbox 428 2198 528 2244; x_wconf 85' lang='lat'><strong><em>498.</em></strong></span> <span class='ocrx_word' id='word_1_177' title='bbox 589 2200 749 2243; x_wconf 83' lang='lat' dir='ltr'><strong><em>audet</em></strong></span> <span class='ocrx_word' id='word_1_178' title='bbox 780 2199 836 2242; x_wconf 91' lang='lat' dir='ltr'><strong><em>in</em></strong></span> <span class='ocrx_word' id='word_1_179' title='bbox 867 2199 1023 2242; x_wconf 86' lang='lat' dir='ltr'><strong><em>artis:</em></strong></span> <span class='ocrx_word' id='word_1_180' title='bbox 1070 2200 1174 2243; x_wconf 89' lang='lat' dir='ltr'><strong><em>satis</em></strong></span> <span class='ocrx_word' id='word_1_181' title='bbox 1219 2200 1363 2243; x_wconf 90' lang='lat' dir='ltr'><strong><em>audax</em></strong></span> <span class='ocrx_word' id='word_1_182' title='bbox 1394 2209 1460 2244; x_wconf 87' lang='lat' dir='ltr'><strong><em>est</em></strong></span> <span class='ocrx_word' id='word_1_183' title='bbox 1491 2199 1545 2243; x_wconf 86' lang='lat' dir='ltr'><strong><em>ad</em></strong></span> <span class='ocrx_word' id='word_1_184' title='bbox 1576 2211 1758 2256; x_wconf 86' lang='lat' dir='ltr'><strong><em>operam</em></strong></span> <span class='ocrx_word' id='word_1_185' title='bbox 1792 2199 2065 2249; x_wconf 77' lang='lat' dir='ltr'><strong><em>venatoriam</em></strong></span> 
     </span>
     <span class='ocr_line' id='line_1_25' title="bbox 368 2269 2066 2327; baseline -0.001 -12"><span class='ocrx_word' id='word_1_186' title='bbox 368 2270 715 2326; x_wconf 88' lang='lat' dir='ltr'><strong><em>exsequendam;</em></strong></span> <span class='ocrx_word' id='word_1_187' title='bbox 761 2269 938 2314; x_wconf 66' lang='lat' dir='ltr'><strong><em>audere⁴</em></strong></span> <span class='ocrx_word' id='word_1_188' title='bbox 979 2270 1050 2316; x_wconf 91' lang='lat' dir='ltr'><strong><em>in.-</em></strong></span> <span class='ocrx_word' id='word_1_189' title='bbox 1087 2270 1142 2314; x_wconf 88' lang='lat' dir='ltr'><strong><em>cf.</em></strong></span> <span class='ocrx_word' id='word_1_190' title='bbox 1190 2270 1324 2327; x_wconf 88' lang='lat' dir='ltr'><strong><em>Verg.</em></strong></span> <span class='ocrx_word' id='word_1_191' title='bbox 1359 2269 1471 2315; x_wconf 82' lang='lat' dir='ltr'><strong><em>Aen.</em></strong></span> <span class='ocrx_word' id='word_1_192' title='bbox 1506 2269 1559 2314; x_wconf 88' lang='lat'><strong><em>11.</em></strong></span> <span class='ocrx_word' id='word_1_193' title='bbox 1590 2269 1678 2314; x_wconf 85' lang='lat'><strong><em>347</em></strong></span> <span class='ocrx_word' id='word_1_194' title='bbox 1709 2280 1826 2326; x_wconf 82' lang='lat' dir='ltr'><strong><em>quos</em></strong></span> <span class='ocrx_word' id='word_1_195' title='bbox 1857 2269 1935 2317; x_wconf 77' lang='lat' dir='ltr'><strong><em>ubi</em></strong></span> <span class='ocrx_word' id='word_1_196' title='bbox 1963 2280 2066 2314; x_wconf 84' lang='lat' dir='ltr'><strong><em>con-</em></strong></span> 
     </span>
     <span class='ocr_line' id='line_1_26' title="bbox 360 2339 2067 2398; baseline -0.001 -13"><span class='ocrx_word' id='word_1_197' title='bbox 360 2340 515 2398; x_wconf 86' lang='lat' dir='ltr'><strong><em>fertos</em></strong></span> <span class='ocrx_word' id='word_1_198' title='bbox 560 2341 730 2385; x_wconf 81' lang='lat' dir='ltr'><strong><em>andere</em></strong></span> <span class='ocrx_word' id='word_1_199' title='bbox 776 2341 824 2384; x_wconf 89' lang='lat' dir='ltr'><strong><em>in</em></strong></span> <span class='ocrx_word' id='word_1_200' title='bbox 863 2341 1042 2396; x_wconf 89' lang='lat' dir='ltr'><strong><em>proelia</em></strong></span> <span class='ocrx_word' id='word_1_201' title='bbox 1086 2340 1209 2393; x_wconf 86' lang='lat' dir='ltr'><strong><em>vidi;</em></strong></span> <span class='ocrx_word' id='word_1_202' title='bbox 1253 2340 1361 2385; x_wconf 89' lang='lat' dir='ltr'><strong><em>Stat.</em></strong></span> <span class='ocrx_word' id='word_1_203' title='bbox 1409 2339 1548 2386; x_wconf 89' lang='lat' dir='ltr'><strong><em>Theb.</em></strong></span> <span class='ocrx_word' id='word_1_204' title='bbox 1583 2340 1615 2385; x_wconf 92' lang='lat'><strong><em>1.</em></strong></span> <span class='ocrx_word' id='word_1_205' title='bbox 1648 2340 1736 2385; x_wconf 87' lang='lat'><strong><em>439</em></strong></span> <span class='ocrx_word' id='word_1_206' title='bbox 1765 2351 1912 2396; x_wconf 80' lang='lat' dir='ltr'><strong><em>neque</em></strong></span> <span class='ocrx_word' id='word_1_207' title='bbox 1942 2340 2067 2386; x_wconf 90' lang='lat' dir='ltr'><strong><em>enim</em></strong></span> 
     </span>
     <span class='ocr_line' id='line_1_27' title="bbox 371 2411 2065 2468; baseline -0.001 -11"><span class='ocrx_word' id='word_1_208' title='bbox 371 2423 501 2457; x_wconf 83' lang='lat' dir='ltr'><strong><em>mens</em></strong></span> <span class='ocrx_word' id='word_1_209' title='bbox 544 2412 717 2456; x_wconf 78' lang='lat' dir='ltr'><strong><em>audeat</em></strong></span> <span class='ocrx_word' id='word_1_210' title='bbox 753 2411 870 2455; x_wconf 83' lang='lat' dir='ltr'><strong><em>isias</em></strong></span> <span class='ocrx_word' id='word_1_211' title='bbox 901 2411 919 2468; x_wconf 81' lang='lat' dir='ltr'><em>l</em></span> <span class='ocrx_word' id='word_1_212' title='bbox 949 2411 1064 2455; x_wconf 83' lang='lat' dir='ltr'><strong><em>civis</em></strong></span> <span class='ocrx_word' id='word_1_213' title='bbox 1116 2411 1164 2455; x_wconf 90' lang='lat' dir='ltr'><strong><em>in</em></strong></span> <span class='ocrx_word' id='word_1_214' title='bbox 1210 2423 1354 2467; x_wconf 79' lang='lat' dir='ltr'><strong><em>usqae</em></strong></span> <span class='ocrx_word' id='word_1_215' title='bbox 1400 2423 1590 2465; x_wconf 82' lang='lat' dir='ltr'><strong><em>manns;</em></strong></span> <span class='ocrx_word' id='word_1_216' title='bbox 1635 2411 1806 2455; x_wconf 82' lang='lat' dir='ltr'><strong><em>andere</em></strong></span> <span class='ocrx_word' id='word_1_217' title='bbox 1853 2411 1902 2455; x_wconf 91' lang='lat' dir='ltr'><strong><em>in</em></strong></span> <span class='ocrx_word' id='word_1_218' title='bbox 1946 2420 2065 2456; x_wconf 85' lang='lat' dir='ltr'><strong><em>recte</em></strong></span> 
     </span>
     <span class='ocr_line' id='line_1_28' title="bbox 372 2481 2065 2540; baseline -0.002 -11"><span class='ocrx_word' id='word_1_219' title='bbox 372 2485 499 2529; x_wconf 90' lang='lat' dir='ltr'><strong><em>vertit</em></strong></span> <span class='ocrx_word' id='word_1_220' title='bbox 547 2481 800 2540; x_wconf 86' lang='lat' dir='ltr'><strong><em>Conington</em></strong></span> <span class='ocrx_word' id='word_1_221' title='bbox 847 2483 901 2526; x_wconf 90' lang='lat' dir='ltr'><strong><em>ad</em></strong></span> <span class='ocrx_word' id='word_1_222' title='bbox 950 2482 1084 2538; x_wconf 88' lang='lat' dir='ltr'><strong><em>Verg.</em></strong></span> <span class='ocrx_word' id='word_1_223' title='bbox 1134 2482 1188 2527; x_wconf 91' lang='lat'><strong><em>11.</em></strong></span> <span class='ocrx_word' id='word_1_224' title='bbox 1235 2483 1322 2527; x_wconf 83' lang='lat'><strong><em>347</em></strong></span> <span class='ocrx_word' id='word_1_225' title='bbox 1374 2492 1442 2537; x_wconf 84' lang='lat' dir='ltr'><strong><em>„to</em></strong></span> <span class='ocrx_word' id='word_1_226' title='bbox 1483 2483 1597 2528; x_wconf 87' lang='lat' dir='ltr'><strong><em>have</em></strong></span> <span class='ocrx_word' id='word_1_227' title='bbox 1628 2494 1819 2539; x_wconf 86' lang='lat' dir='ltr'><strong><em>courage</em></strong></span> <span class='ocrx_word' id='word_1_228' title='bbox 1850 2481 2065 2527; x_wconf 84' lang='lat' dir='ltr'><strong><em>sufficient</em></strong></span> 
     </span>
     <span class='ocr_line' id='line_1_29' title="bbox 369 2551 2066 2610; baseline -0.002 -11"><span class='ocrx_word' id='word_1_229' title='bbox 369 2554 482 2599; x_wconf 83' lang='lat' dir='ltr'><strong><em>for‘’.</em></strong></span> <span class='ocrx_word' id='word_1_230' title='bbox 514 2554 685 2598; x_wconf 83' lang='lat' dir='ltr'><strong><em>audere</em></strong></span> <span class='ocrx_word' id='word_1_231' title='bbox 714 2565 847 2610; x_wconf 88' lang='lat' dir='ltr'><strong><em>saepe</em></strong></span> <span class='ocrx_word' id='word_1_232' title='bbox 877 2553 1073 2597; x_wconf 90' lang='lat' dir='ltr'><strong><em>absolute</em></strong></span> <span class='ocrx_word' id='word_1_233' title='bbox 1104 2553 1347 2608; x_wconf 84' lang='lat' dir='ltr'><strong><em>adhibetur,</em></strong></span> <span class='ocrx_word' id='word_1_234' title='bbox 1380 2553 1434 2598; x_wconf 71' lang='lat' dir='ltr'><strong><em>ci.</em></strong></span> <span class='ocrx_word' id='word_1_235' title='bbox 1467 2552 1603 2598; x_wconf 88' lang='lat' dir='ltr'><strong><em>Tacit.</em></strong></span> <span class='ocrx_word' id='word_1_236' title='bbox 1641 2552 1754 2600; x_wconf 85' lang='lat' dir='ltr'><strong><em>Hist.</em></strong></span> <span class='ocrx_word' id='word_1_237' title='bbox 1788 2552 1822 2607; x_wconf 87' lang='lat'><strong><em>1,</em></strong></span> <span class='ocrx_word' id='word_1_238' title='bbox 1853 2552 1911 2597; x_wconf 86' lang='lat'><strong><em>35</em></strong></span> <span class='ocrx_word' id='word_1_239' title='bbox 1940 2551 2066 2608; x_wconf 85' lang='lat' dir='ltr'><strong><em>igna-</em></strong></span> 
     </span>
     <span class='ocr_line' id='line_1_30' title="bbox 369 2623 2065 2679; baseline -0.001 -10"><span class='ocrx_word' id='word_1_240' title='bbox 369 2624 590 2669; x_wconf 82' lang='lat' dir='ltr'><strong><em>vissimus</em></strong></span> <span class='ocrx_word' id='word_1_241' title='bbox 636 2623 827 2679; x_wconf 81' lang='lat' dir='ltr'><strong><em>quisque</em></strong></span> <span class='ocrx_word' id='word_1_242' title='bbox 857 2627 919 2667; x_wconf 83' lang='lat' dir='ltr'><strong><em>et.</em></strong></span> <span class='ocrx_word' id='word_1_243' title='bbox 940 2656 951 2666; x_wconf 90' lang='lat'><strong><em>.</em></strong></span> <span class='ocrx_word' id='word_1_244' title='bbox 970 2657 980 2666; x_wconf 90' lang='lat'>.</span> <span class='ocrx_word' id='word_1_245' title='bbox 1022 2623 1070 2666; x_wconf 89' lang='lat' dir='ltr'><strong><em>in</em></strong></span> <span class='ocrx_word' id='word_1_246' title='bbox 1095 2623 1299 2678; x_wconf 83' lang='lat' dir='ltr'><strong><em>periculo</em></strong></span> <span class='ocrx_word' id='word_1_247' title='bbox 1329 2635 1422 2668; x_wconf 88' lang='lat' dir='ltr'><strong><em>non</em></strong></span> <span class='ocrx_word' id='word_1_248' title='bbox 1452 2635 1666 2678; x_wconf 69' lang='lat' dir='ltr'><strong><em>aasurzw,</em></strong></span> <span class='ocrx_word' id='word_1_249' title='bbox 1698 2624 1772 2668; x_wconf 91' lang='lat' dir='ltr'><strong><em>ubi</em></strong></span> <span class='ocrx_word' id='word_1_250' title='bbox 1802 2623 1976 2668; x_wconf 82' lang='lat' dir='ltr'><strong><em>audere</em></strong></span> <span class='ocrx_word' id='word_1_251' title='bbox 2005 2643 2065 2659; x_wconf 90' lang='lat'>=</span> 
     </span>
     <span class='ocr_line' id='line_1_31' title="bbox 375 2692 1855 2750; baseline -0.001 -10"><span class='ocrx_word' id='word_1_252' title='bbox 375 2706 445 2750; x_wconf 86' lang='lat' dir='ltr'><strong><em>„to</em></strong></span> <span class='ocrx_word' id='word_1_253' title='bbox 475 2696 590 2739; x_wconf 86' lang='lat' dir='ltr'><strong><em>have</em></strong></span> <span class='ocrx_word' id='word_1_254' title='bbox 621 2695 855 2750; x_wconf 88' lang='lat' dir='ltr'><strong><em>courage‘&#39;,</em></strong></span> <span class='ocrx_word' id='word_1_255' title='bbox 893 2692 1017 2747; x_wconf 85' lang='lat' dir='ltr'><strong><em>„Mut</em></strong></span> <span class='ocrx_word' id='word_1_256' title='bbox 1049 2694 1235 2749; x_wconf 89' lang='lat' dir='ltr'><strong><em>haben’‘‚</em></strong></span> <span class='ocrx_word' id='word_1_257' title='bbox 1277 2694 1392 2739; x_wconf 90' lang='lat' dir='ltr'><strong><em>Hist.</em></strong></span> <span class='ocrx_word' id='word_1_258' title='bbox 1427 2694 1459 2739; x_wconf 88' lang='lat'><strong><em>1.</em></strong></span> <span class='ocrx_word' id='word_1_259' title='bbox 1490 2694 1549 2739; x_wconf 91' lang='lat'><strong><em>22</em></strong></span> <span class='ocrx_word' id='word_1_260' title='bbox 1578 2694 1623 2738; x_wconf 88' lang='lat' dir='ltr'><strong><em>si</em></strong></span> <span class='ocrx_word' id='word_1_261' title='bbox 1653 2694 1855 2738; x_wconf 80' lang='lat' dir='ltr'><strong><em>auderet.</em></strong></span> 
     </span>
    </p>
   </div>
   <div class='ocr_carea' id='block_1_13' title="bbox 370 2811 2064 3083">
    <p class='ocr_par' dir='ltr' id='par_1_13' title="bbox 370 2811 2064 2941">
     <span class='ocr_line' id='line_1_32' title="bbox 429 2811 2064 2872; baseline -0.002 -14"><span class='ocrx_word' id='word_1_262' title='bbox 429 2813 531 2858; x_wconf 87' lang='grc'><strong>499.</strong></span> <span class='ocrx_word' id='word_1_263' title='bbox 591 2823 661 2857; x_wconf 84' lang='lat' dir='ltr'><strong><em>ex</em></strong></span> <span class='ocrx_word' id='word_1_264' title='bbox 689 2811 892 2856; x_wconf 84' lang='lat' dir='ltr'><strong><em>animo:</em></strong></span> <span class='ocrx_word' id='word_1_265' title='bbox 923 2823 984 2856; x_wconf 89' lang='lat' dir='ltr'><strong><em>sc.</em></strong></span> <span class='ocrx_word' id='word_1_266' title='bbox 1018 2811 1200 2866; x_wconf 86' lang='lat' dir='ltr'><strong><em>imbelli,</em></strong></span> <span class='ocrx_word' id='word_1_267' title='bbox 1232 2812 1351 2868; x_wconf 91' lang='lat' dir='ltr'><strong><em>quod</em></strong></span> <span class='ocrx_word' id='word_1_268' title='bbox 1373 2825 1431 2857; x_wconf 90' lang='lat' dir='ltr'><strong><em>ex</em></strong></span> <span class='ocrx_word' id='word_1_269' title='bbox 1447 2813 1730 2868; x_wconf 84' lang='lat' dir='ltr'><strong><em>sequentibus</em></strong></span> <span class='ocrx_word' id='word_1_270' title='bbox 1745 2811 2064 2872; x_wconf 82' lang='lat' dir='ltr'><strong><em>supplendum3</em></strong></span> 
     </span>
     <span class='ocr_line' id='line_1_33' title="bbox 370 2878 2064 2941; baseline -0.002 -12"><span class='ocrx_word' id='word_1_271' title='bbox 370 2885 478 2930; x_wconf 86' lang='lat' dir='ltr'><strong><em>tales</em></strong></span> <span class='ocrx_word' id='word_1_272' title='bbox 507 2885 607 2941; x_wconf 88' lang='lat' dir='ltr'><strong><em>equi</em></strong></span> <span class='ocrx_word' id='word_1_273' title='bbox 639 2884 694 2927; x_wconf 87' lang='lat' dir='ltr'><strong><em>ab</em></strong></span> <span class='ocrx_word' id='word_1_274' title='bbox 727 2882 936 2939; x_wconf 90' lang='lat' dir='ltr'><strong><em>Oppiano</em></strong></span> <span class='ocrx_word' id='word_1_275' title='bbox 966 2880 1182 2930; x_wconf 73' lang='grc' dir='ltr'><em>ἀνάλκιδες</em></span> <span class='ocrx_word' id='word_1_276' title='bbox 1212 2878 1309 2937; x_wconf 80' lang='grc' dir='ltr'><strong><em>ἦτορ</em></strong></span> <span class='ocrx_word' id='word_1_277' title='bbox 1339 2885 1620 2927; x_wconf 86' lang='lat' dir='ltr'><strong><em>nominantur</em></strong></span> <span class='ocrx_word' id='word_1_278' title='bbox 1650 2881 1846 2940; x_wconf 86' lang='lat' dir='ltr'><strong><em>(Cyneg.</em></strong></span> <span class='ocrx_word' id='word_1_279' title='bbox 1882 2882 1912 2926; x_wconf 91' lang='grc' dir='ltr'><strong><em>Ι.</em></strong></span> <span class='ocrx_word' id='word_1_280' title='bbox 1945 2880 2064 2939; x_wconf 87' lang='grc'><strong>285).</strong></span> 
     </span>
    </p>

    <p class='ocr_par' dir='ltr' id='par_1_14' title="bbox 372 2953 2063 3083">
     <span class='ocr_line' id='line_1_34' title="bbox 430 2953 2063 3010; baseline -0.002 -10"><span class='ocrx_word' id='word_1_281' title='bbox 430 2955 647 3000; x_wconf 86' lang='lat' dir='ltr'><strong><em>inbellia</em></strong></span> <span class='ocrx_word' id='word_1_282' title='bbox 667 2989 676 2998; x_wconf 90' lang='lat'><strong><em>.</em></strong></span> <span class='ocrx_word' id='word_1_283' title='bbox 695 2988 734 2998; x_wconf 91' lang='lat'><strong><em>..</em></strong></span> <span class='ocrx_word' id='word_1_284' title='bbox 766 2959 786 3006; x_wconf 89' lang='grc' dir='ltr'><em>Ι</em></span> <span class='ocrx_word' id='word_1_285' title='bbox 817 2964 1060 3007; x_wconf 85' lang='lat' dir='ltr'><strong><em>corpora:</em></strong></span> <span class='ocrx_word' id='word_1_286' title='bbox 1106 2962 1286 3009; x_wconf 84' lang='lat' dir='ltr'><strong><em>propter</em></strong></span> <span class='ocrx_word' id='word_1_287' title='bbox 1327 2953 1618 2998; x_wconf 82' lang='lat' dir='ltr'><strong><em>infirmitatem</em></strong></span> <span class='ocrx_word' id='word_1_288' title='bbox 1666 2954 1736 2999; x_wconf 91' lang='lat' dir='ltr'><strong><em>vel</em></strong></span> <span class='ocrx_word' id='word_1_289' title='bbox 1767 2954 2063 3010; x_wconf 87' lang='lat' dir='ltr'><strong><em>exiguitatem,</em></strong></span> 
     </span>
     <span class='ocr_line' id='line_1_35' title="bbox 372 3023 1300 3083; baseline -0.01 -11"><span class='ocrx_word' id='word_1_290' title='bbox 372 3026 426 3071; x_wconf 73' lang='lat' dir='ltr'><strong><em>cf.</em></strong></span> <span class='ocrx_word' id='word_1_291' title='bbox 462 3025 583 3083; x_wconf 89' lang='lat' dir='ltr'><strong><em>Opp.</em></strong></span> <span class='ocrx_word' id='word_1_292' title='bbox 618 3026 648 3069; x_wconf 91' lang='lat'><strong><em>1.</em></strong></span> <span class='ocrx_word' id='word_1_293' title='bbox 680 3025 768 3069; x_wconf 85' lang='lat'><strong><em>285</em></strong></span> <span class='ocrx_word' id='word_1_294' title='bbox 799 3023 927 3076; x_wconf 79' lang='grc' dir='ltr'><strong><em>ὀλίγοι</em></strong></span> <span class='ocrx_word' id='word_1_295' title='bbox 956 3025 1069 3081; x_wconf 68' lang='grc' dir='ltr'><strong><em>βαιοὶ</em></strong></span> <span class='ocrx_word' id='word_1_296' title='bbox 1099 3040 1141 3065; x_wconf 74' lang='grc' dir='ltr'><strong><em>τε</em></strong></span> <span class='ocrx_word' id='word_1_297' title='bbox 1170 3025 1300 3077; x_wconf 80' lang='grc' dir='ltr'><strong><em>μένος.</em></strong></span> 
     </span>
    </p>
   </div>
   <div class='ocr_carea' id='block_1_14' title="bbox 430 3141 1344 3198">
    <p class='ocr_par' dir='ltr' id='par_1_15' title="bbox 430 3141 1344 3198">
     <span class='ocr_line' id='line_1_36' title="bbox 430 3141 1344 3198; baseline -0.003 -9"><span class='ocrx_word' id='word_1_298' title='bbox 430 3143 530 3189; x_wconf 86' lang='grc'>500.</span> <span class='ocrx_word' id='word_1_299' title='bbox 592 3142 967 3198; x_wconf 87' lang='lat' dir='ltr'><strong><em>praeveniens:</em></strong></span> <span class='ocrx_word' id='word_1_300' title='bbox 998 3143 1127 3186; x_wconf 89' lang='lat' dir='ltr'><strong><em>nimis</em></strong></span> <span class='ocrx_word' id='word_1_301' title='bbox 1157 3141 1344 3186; x_wconf 82' lang='lat' dir='ltr'><strong><em>fervida.</em></strong></span> 
     </span>
    </p>
   </div>
  </div>
 </body>
</html>
