2210 3568
1014 282 1096 327 133

180 411 411 458 &et-untur.
460 411 532 457 De
577 412 902 457 medicamento
949 412 1205 457 conferatur
1256 414 1481 471 Vegetius,
1530 416 1815 462 Mulomedic.
1851 418 1905 462 11.

182 483 265 540 88,
331 484 374 529 11
437 482 510 537 (de
570 484 843 538 roborosis):
888 495 1115 539 praesens
1161 488 1315 530 tamen
1361 487 1722 543 experimentum
1767 492 1906 544 atque

190 555 443 600 remedium
488 558 573 610 est,
620 555 666 599 si
709 550 859 611 picem
906 554 1134 611 liquidam
1175 568 1278 600 cum
1321 558 1436 602 oleo
1481 562 1527 603 et
1555 559 1693 603 vino
1722 560 1907 604 veteri

177 626 422 684 fdecoquas
466 626 726 682 calentique
772 626 1076 671 medicamine
1118 627 1371 673 iumentum
1397 641 1646 686 perungas.
1696 630 1906 675 Fortasse

179 691 337 743 stamen
367 697 424 744 de
454 698 635 756 potione
667 698 964 755 cogitandum,
997 697 1052 744 cf.
1077 698 1378 755 Pelagoniam
1399 701 1528 757 (Ihm,
1550 700 1656 758 295)
1670 701 1905 758 potionem

188 769 301 815 dato
325 780 412 826 per
440 780 496 814 os
526 780 629 814 cum
659 769 762 813 oleo
792 772 839 812 et
868 769 991 822 vin0,
1023 779 1066 814 et
1103 769 1249 826 Veget.
1282 772 1308 814 l.
1341 772 1367 816 l.
1404 771 1457 817 11.
1489 772 1560 817 88.
1601 773 1666 817 13.

179 919 187 941 ‘·
222 912 348 958 1475.
399 913 644 957 tenues..
664 944 675 955 .
730 923 910 957 curas:
958 912 1127 968 tenuis,
1177 912 1355 959 Sternio
1401 916 1438 959 si
1485 915 1723 972 credimus,
1754 928 1906 961 vanus

176 982 425 1042 «significan
457 983 614 1028 melius
646 997 689 1029 v.
723 984 769 1028 d.
801 982 972 1029 Curcio
1004 996 1164 1029 vocem
1196 988 1360 1030 tenues
1391 987 1461 1031 hic
1492 987 1711 1032 vocabulo
1724 987 1907 1042 furenti

187 1063 323 1101 versu
354 1055 555 1113 sequenti
587 1056 754 1112 opponi
786 1064 929 1113 putat3
966 1055 1172 1112 „Liber’‘,
1204 1058 1343 1114 inquit
1378 1055 1594 1114 Grattius,
1625 1068 1693 1112 „et
1714 1059 1907 1104 leviores

175 1132 241 1171 ‘et
259 1127 493 1184 graviores
524 1127 710 1172 morbos
741 1128 910 1171 sanat'’.

638 1268 709 1314 De
740 1269 896 1324 tussi,
929 1272 1170 1325 veterno,
1204 1272 1460 1328 podagra.

188 1419 192 1422 ·
245 1398 346 1446 477.
392 1399 587 1445 tussis:
636 1402 835 1457 κυνάγχη,
884 1401 937 1446 cf.
988 1401 1123 1459 Verg.
1178 1401 1348 1460 Georg.
1400 1401 1476 1448 111.
1524 1403 1633 1448 496:
1681 1407 1726 1448 et
1755 1404 1904 1460 quatit

175 1475 410 1528 :aegross-
435 1472 632 1519 tussis
668 1473 839 1517 anhela
879 1484 991 1517 sues
1032 1477 1077 1518 et
1099 1472 1325 1531 saucibus
1355 1475 1486 1530 angit
1516 1475 1691 1528 obesis,·
1723 1476 1901 1521 Ariston

176 1543 360 1589 animal.
394 1543 547 1589 histor.
581 1543 704 1588 Vlll.
735 1543 795 1588 22
833 1544 998 1599 ἀναιρεῖ
1027 1545 1068 1587 δὲ
1102 1548 1171 1587 καὶ
1202 1547 1227 1600 ἡ
1259 1547 1446 1602 κυνάγχη
1476 1548 1552 1595 τὰς
1584 1547 1736 1595 κύνας·
1769 1546 1904 1600 ὀλίγαι

174 1612 230 1656 κδὲ
258 1616 331 1656 καὶ
362 1615 406 1656 ἐκ
437 1622 511 1670 τῆς
542 1613 761 1670 ποδάγρας
793 1616 1105 1670 περισώζονται.

175 1700 178 1704 ’
242 1686 479 1732 veterni:
511 1687 818 1742 somnolentia,
853 1699 966 1744 quae
998 1700 1163 1745 pecora
1195 1689 1357 1746 ignava
1390 1689 1546 1734 reddit.

174 1778 177 1783 >
219 1756 344 1804 478.
378 1758 718 1804 incurvatae.
737 1792 748 1803 .
768 1793 778 1804 .
817 1760 1113 1816 podagrae:
1148 1772 1262 1817 quae
1295 1773 1433 1805 curva
1466 1761 1608 1805 reddit
1639 1772 1816 1817 pecora,
1849 1761 1902 1805 ci.

177 1826 426 1875 Columell.
461 1829 560 1875 vll.
593 1830 645 1880 5:
681 1830 926 1876 Mulomed.
963 1830 1179 1876 Chironis
1211 1830 1378 1890 (Oder)
1409 1831 1512 1887 385,
1546 1845 1588 1889 p.
1625 1832 1721 1876 117.

726 1961 802 2007 De
835 1962 1041 2008 Dianae
1074 1962 1351 2008 sacrificio.

240 2091 344 2137 479.
375 2091 522 2137 mille
552 2094 742 2137 tenent
775 2095 982 2148 pestes:
1015 2093 1070 2139 cf.
1105 2094 1241 2151 Verg.
1278 2093 1452 2152 Georg.
1481 2094 1556 2139 111.
1581 2094 1670 2139 470
1691 2098 1901 2139 nontam

181 2164 336 2208 creber
362 2175 510 2220 agens
540 2164 737 2209 hiemem
770 2166 862 2210 ruit
893 2177 1095 2222 aequore
1126 2166 1258 2210 turbo
1279 2172 1297 2220 s
1321 2178 1459 2222 quam
1481 2167 1654 2211 multae
1670 2167 1899 2222 pecudum

177 2238 347 2290 pestes.
398 2234 521 2281 Idem
567 2236 754 2293 legimus
797 2238 914 2294 apud
963 2237 1350 2283 Brockhausium:
1389 2238 1605 2296 „Wenige
1637 2237 1771 2283 Tiere
1801 2239 1899 2282 sind

179 2318 233 2351 so
263 2306 542 2352 zahlreichen
577 2307 883 2353 Krankheiten
917 2310 1001 2354 wie
1031 2309 1102 2354 die
1138 2309 1317 2355 Hunde'
1337 2310 1687 2355 unterworfen.'’

242 2389 471 2434 curaque
502 2379 748 2434 potentia
780 2379 975 2425 maior:
987 2381 1200 2436 potentia
1231 2393 1291 2427 se.
1323 2382 1540 2438 pestium.

169 2566 173 2570 Ι
239 2508 493 2555 480-496.
527 2510 644 2556 Ante
675 2513 824 2556 omnia
856 2522 1002 2557 tamen
1036 2513 1107 2557 dei
1139 2513 1313 2558 colendi
1344 2523 1459 2558 sunt.

238 2580 339 2638 480.
358 2581 513 2627 mitte
529 2593 649 2638 age.
669 2617 679 2628 .
698 2617 708 2628 .
735 2587 755 2636 l
771 2583 944 2636 mitte,
962 2585 1164 2630 anime:
1182 2585 1311 2629 mitte
1326 2597 1387 2630 sc.
1404 2586 1553 2641 curas,
1571 2586 1764 2629 humana
1780 2586 1896 2629 enim

179 2665 254 2698 ars
284 2665 443 2698 omnes
472 2655 658 2720 morbos
687 2667 848 2700 sanare
879 2668 970 2701 non
994 2666 1151 2714 potest,
1175 2670 1198 2701 a
1221 2657 1303 2701 diis
1325 2658 1537 2702 auxilium
1559 2657 1799 2714 petendum
1816 2665 1895 2700 est.

239 2783 341 2830 482.
373 2785 886 2842 supplicibusque...
929 2770 1126 2832 sacris‘:
1159 2789 1371 2846 supplicia
1395 2797 1611 2833 vocantur
1632 2787 1740 2832 haec
1755 2798 1896 2841 sacra,

166 2857 340 2928 'quibus
371 2869 460 2914 pax
491 2858 679 2903 deorum
712 2860 886 2915 petitur.

240 2986 343 3034 483.
389 2988 632 3034 aeriis...
687 2989 846 3033 lucis:
893 2990 936 3033 in
984 2991 1107 3035 silvis
1154 3004 1268 3048 quae
1314 3004 1372 3036 ex
1414 2991 1632 3035 altissimis
1663 2989 1896 3034 arboribus

179 3058 404 3104 constant.

239 3130 492 3175 molimur
523 3132 780 3188 compita:
812 3136 1054 3191 compitum
1086 3145 1151 3180 est
1183 3136 1306 3180 locus
1343 3135 1442 3189 „ubi
1476 3134 1573 3178 viae
1595 3132 1895 3189 competunt’'‚

182 3210 227 3245 ut
274 3203 330 3247 ait
383 3202 520 3248 Varro
567 3204 592 3247 Ι.
628 3203 678 3248 L.
714 3203 788 3248 VI.
823 3204 891 3249 25.
929 3205 1055 3262 Ipsae
1088 3219 1264 3264 quoque
1297 3219 1413 3261 arae,
1447 3205 1517 3250 vel
1549 3205 1694 3262 potius
1725 3204 1899 3249 sacena
