2210 3568
986 208 1046 254 23

109 342 201 396 ἃ
241 342 282 384 οἱ
316 343 400 397 μὲν
446 340 731 396 κράσπεδα,
772 341 812 383 οἱ
851 339 894 383 δὲ
926 343 1177 394 πτερύγια
1207 340 1448 393 ὠνόμασαν.
1491 338 1578 384 His
1608 337 1876 395 οἷκρωλενίοις

15 459 17 468 χ
73 426 120 475 -j
138 413 390 461 ⁴‘adduntur
419 413 576 469 laquei
603 412 645 471 („
651 411 917 467 Sch1eifen’2
951 411 1120 456 Batave
1149 412 1338 465 „lussen'
1343 410 1505 469 ')quos
1527 410 1601 456 Ps.
1604 409 1877 468 -Xenophon

76 480 107 530 ,²³
157 488 358 540 -μιιστοιίς
401 485 599 531 nominat
644 483 703 542 (2.
740 482 810 542 6),
857 491 931 528 aut
975 482 1122 537 anuli,
1169 483 1243 540 qui
1275 482 1392 540 apud
1422 481 1616 527 eundem
1655 479 1877 526 δακτύλιοι

80 593 88 610 ,.
167 565 409 613 vocantur3
454 555 555 601 loco
598 555 776 599 laudato
816 555 934 599 enim
966 553 1084 611 apud
1123 565 1227 598 eum
1258 553 1444 611 legimus
1475 553 1607 598 haec:
1638 554 1683 595 ἐν
1715 551 1760 595 δε
1790 557 1880 602 τοῖς

13 622 16 627 ’
168 625 439 684 ἀκρωλενίοις
479 628 536 668 τὰ
574 628 649 680 μὲν
679 624 823 668 ἐνόδιοι
857 624 986 681 ἐχέτω
1015 628 1217 678 μαστούς,
1248 627 1306 666 τὰ
1337 623 1380 667 δὲ
1411 623 1564 667 δίκτυα
1603 622 1854 673 δακτυλίους
1863 641 1879 677 ,·

151 699 333 759 „quibus
388 698 619 753 addantur,
666 709 780 754 quae
825 696 911 742 alio
957 696 1056 741 loco
1102 687 1231 741 tradit
1275 696 1393 742 idem
1440 697 1630 754 scriptor
1674 695 1763 756 (10.
1809 695 1879 754 2):

0 766 15 818 s,
75 767 97 815 f*
161 779 320 823 ,casses
349 781 562 828 aprorum
592 769 804 823 ἐπ’ἄκροις
835 765 1090 818 δακτυλίους
1118 767 1340 823 ἐχέτωσαν.

75 836 96 894 ⁷·
229 842 422 894 Μαστοί,
467 841 606 898 inquit
651 839 827 885 Pollux.
876 838 933 884 V.
979 838 1054 895 29,
1102 837 1243 894 κύκλῳ
1283 841 1328 881 ἐκ
1358 837 1491 881 λίνων
1522 837 1750 893 πλέγματα
1794 843 1883 888 τοῖς

119 958 122 961 ⁴
171 911 445 968 ἀκρωλενίοις
464 910 862 966 προσπεπλεγμένα,
882 943 892 953 .
911 943 920 953 .
941 943 950 953 .
969 909 1191 953 δακτύλιοι
1219 913 1332 952 κατὰ
1353 912 1498 952 ταύτὰ
1513 912 1588 964 μὲν
1604 914 1694 960 τοῖς
1707 915 1883 964 μαστοῖς

171 987 221 1028 τὸ
251 992 392 1041 σχῆμα
422 985 602 1040 ἔχοντες,
633 984 763 1038 κρίκοι
795 982 948 1042 (anuli)
979 981 1023 1025 δὲ
1053 984 1198 1031 αὐτοῖς
1229 981 1400 1037 σιδήρου
1431 983 1661 1037 πρόσεισιν.

14 1106 17 1112 ᾗ
70 1057 80 1102 ἔ
230 1055 323 1102 Per
366 1055 451 1101 hos
492 1057 681 1109 μαστούς
716 1064 759 1100 et
790 1052 1043 1103 δακτυλίους
1072 1055 1163 1099 duo
1194 1055 1302 1100 retia
1333 1056 1448 1099 inter
1474 1065 1527 1099 se
1558 1055 1884 1112 coniunguntur

162 1121 387 1188 (συνάγὲιν
417 1129 476 1169 τὰ
505 1124 759 1182 ἄκρωλένια,
788 1125 842 1171 cf.
877 1126 951 1171 Ps.
985 1125 1190 1183 Xenoph.
1221 1125 1263 1170 6.
1294 1125 1354 1184 9).

64 1188 95 1214 “””
229 1199 322 1246 Per
369 1198 566 1244 maculas
611 1200 868 1256 superiores
913 1206 956 1243 et
1001 1197 1248 1254 inferioreS,
1295 1209 1483 1255 quarum
1514 1209 1716 1255 quaeque
1746 1197 1885 1242 tribus

74 1318 80 1333 τ
124 1289 129 1292 ·
178 1271 308 1318 nodis
322 1269 514 1329 fingitur,
535 1282 738 1327 quaeque
759 1269 956 1324 σαρδόνες
976 1271 1130 1315 vocari
1151 1269 1372 1324 videntur,
1393 1268 1626 1314 trahuntur
1645 1266 1886 1324 περίδρομοι

82 1367 113 1370 -«
169 1341 358 1402 (ὑφιέναι
401 1343 502 1391 τούς
544 1340 822 1397 περιδρόμους
852 1340 926 1386 Ps.
960 1340 1071 1386 Xen.
1103 1340 1146 1385 2.
1179 1329 1237 1398 4)‘
1255 1341 1416 1398 quibus
1447 1350 1540 1386 rete
1571 1340 1772 1386 contrahi
1813 1350 1886 1385 aut

176 1414 356 1461 extendi
387 1415 539 1472 possit.
605 1411 946 1458 Commemorat
977 1411 1285 1458 Pseudo-Xen.
1317 1413 1448 1457 etiam
1478 1410 1727 1468 ἐπιδρόμους
1745 1410 1805 1471 (6.
1840 1411 1888 1470 9)

169 1486 198 1532 i.
222 1498 263 1532 e.
302 1484 455 1543 funes
494 1496 578 1542 per
617 1484 826 1535 maculas
854 1484 1118 1540 superiores
1149 1486 1322 1528 tractos
1363 1486 1420 1526 τὰ
1450 1482 1493 1526 δὲ
1524 1482 1677 1526 δίκτυα
1714 1482 1888 1527 τεινέτω

170 1559 217 1602 ἐν
269 1555 457 1610 οἰπέδοις,
521 1554 766 1613 ἐμβαλλέτω
812 1555 855 1598 δὲ
904 1557 962 1597 τὰ
1003 1554 1146 1599 ἐνόδια
1189 1557 1246 1604 εἷς
1291 1557 1370 1604 τὰς
1416 1553 1551 1608 ὃδοιῖς,
1595 1556 1668 1597 καὶ
1712 1557 1756 1597 ἐκ
1799 1562 1887 1599 τῶν

70 1635 83 1673 «⁴
163 1636 367 1685 -τριμμῶν
403 1629 461 1677 εἷς
495 1629 554 1670 τὰ
589 1626 868 1683 συμφέροντα,
910 1630 1156 1671 καθάπτων
1186 1628 1286 1676 τούς
1328 1625 1668 1683 περιδρόμους
1696 1626 1768 1668 ἐπὶ
1808 1628 1888 1679 τὴν

74 1763 76 1766 y
169 1702 266 1765 γῆν,
317 1702 375 1743 τὰ
416 1697 652 1756 α’κρωλένια
691 1702 899 1752 συνάγων,
947 1702 1154 1753 πηγνιίων
1190 1700 1279 1747 τὰς
1325 1696 1539 1754 σχαλίδας,
1585 1696 1747 1752 μεταξύ
1801 1705 1888 1741 τῶν

109 1786 115 1791 ·
177 1769 410 1828 σαρδονίων
454 1772 526 1814 ἐπὶ
570 1773 704 1828 ἄκρας
749 1768 994 1829 ἐπιβάλλων
1035 1772 1134 1818 τούς
1165 1768 1287 1812 ἐπιδ
1298 1770 1353 1826 ρό
1363 1785 1495 1824 μους
1532 1771 1604 1811 καὶ
1635 1766 1889 1824 παράδρομα

175 1846 478 1901 συμφράττων,
523 1855 638 1901 quae
682 1855 727 1888 v.
770 1843 812 1888 d.
861 1841 1043 1887 D6rner
1088 1840 1399 1900 (Xenophon’s
1442 1840 1628 1897 Werke,
1676 1839 1888 1898 Stuttgart

61 1969 65 1976 ι
182 1914 313 1976 1871)
359 1913 632 1961 Germanice
677 1916 735 1960 ita
766 1915 916 1960 vertit:
969 1913 1081 1968 „Die
1114 1912 1348 1959 Stellnetze
1380 1912 1518 1958 richte
1549 1924 1600 1958 er
1629 1925 1685 1957 an
1717 1913 1889 1957 ebenen

83 1989 92 2004 ⁹
175 1985 553 2042 Oertlichkeiten;
600 1987 671 2032 die
719 1986 963 2044 Wegnetze
1005 1986 1112 2030 aber
1153 1985 1277 2030 stelle
1307 1997 1357 2030 er
1387 1997 1444 2029 an
1475 1985 1562 2029 den
1594 1983 1768 2042 Wegen
1799 1983 1890 2028 und

175 2071 262 2105 vor
291 2059 379 2106 den
411 2057 591 2118 Steigen
623 2072 680 2103 an
712 2058 783 2103 die
817 2057 982 2103 Stellen
1018 2069 1090 2102 wo
1123 2056 1212 2115 [die
1242 2055 1439 2115 Spuren]
1470 2054 1890 2110 zusammenlaufen‚

170 2202 372 2248 wechsel
403 2201 649 2258 verbindet,
680 2202 752 2246 die
788 2199 1082 2258 Stellstangen
1114 2201 1344 2255 einsteckt,
1377 2199 1600 2244 zwischen
1630 2198 1716 2244 den
1739 2197 1894 2244 Saum-

173 2273 390 2324 maschen
435 2274 552 2319 oben
598 2272 678 2318 auf
717 2273 943 2318 dieselben
989 2273 1061 2317 die
1123 2271 1486 2318 Oberleinen
1533 2271 1637 2316 hebt
1683 2269 1775 2315 und
1821 2269 1892 2314 die

178 2345 472 2404 Nebenwege
503 2345 748 2403 absperrt’'.
781 2344 943 2390 Pollux
974 2356 1152 2402 quoque
1183 2343 1238 2389 V.
1270 2343 1330 2388 29
1370 2343 1472 2388 dicit
1498 2344 1598 2391 τούς
1618 2340 1892 2398 περιδρόμους

178 2430 205 2464 a
236 2416 460 2463 nonnullis
488 2415 737 2472 ἐπιδρόμους
767 2425 952 2462 vocatos
981 2428 1094 2462 esse.

237 2560 310 2606 24.
374 2559 671 2617 plagiique:
693 2555 919 2616 ‘plagium
957 2559 1057 2605 alibi
1088 2571 1178 2604 non
1209 2567 1366 2614 exstat,
1397 2558 1478 2603 sed
1509 2557 1626 2615 apud
1658 2556 1893 2610 Isidorum,

178 2630 356 2691 Origin.
388 2632 462 2677 lib.
496 2630 614 2676 XIX.
647 2631 690 2686 5,
729 2632 772 2676 1.
801 2631 987 2690 legimus
1007 2630 1170 2686 {minus
1204 2633 1361 2675 autem
1382 2632 1477 2674 rete
1511 2627 1894 2685 synplagium

187 2703 357 2750 dicitur
401 2714 432 2748 a
473 2703 654 2760 plagis;
698 2714 808 2748 nam
848 2702 1036 2759 proprie
1072 2702 1243 2759 plagas
1283 2701 1377 2747 dici
1403 2699 1555 2759 funes
1593 2700 1700 2746 illos
1729 2697 1896 2755 quibus

180 2775 303 2821 retia
331 2764 586 2820 ter‘iduntur
612 2774 735 2819 circa
767 2773 909 2819 imam
939 2776 986 2818 et
1013 2785 1244 2819 summam
1270 2775 1466 2830 partem.

238 2917 311 2963 25.
373 2917 525 2963 tenui
555 2918 870 2962 nascentem
900 2916 1119 2974 iungere
1148 2914 1240 2970 filo
1270 2921 1291 2970 Ι
1315 2915 1564 2960 limbum:
1596 2913 1784 2958 limbum
1819 2913 1894 2970 qui

179 2990 374 3035 nascitur
418 3001 444 3035 e
491 2989 564 3034 filo
611 2990 731 3035 tenui
776 2998 1009 3046 torquere3
1051 2986 1221 3033 limbus
1260 3009 1318 3025 =
1350 2988 1470 3035 τόνος
1500 2986 1712 3045 (Batavez
1743 2994 1896 3028 zoom-

5 3126 9 3132 ι
57 3111 69 3125 .»
178 3060 361 3119 dread),
393 3060 446 3106 cf.
482 3059 995 3117 Pseudoxenophontem
1030 3057 1151 3117 Cyn.
1192 3059 1255 3104 10.
1274 3059 1317 3114 2,
1351 3058 1517 3104 Polluc.
1538 3057 1592 3101 V.
1615 3055 1687 3100 27.
1712 3054 1896 3100 Limbos

2 3134 6 3135 ⁷
56 3132 60 3146 ²
133 3156 138 3159 ι
181 3133 313 3190 igitur
331 3132 534 3180 Grattius
555 3132 624 3177 fila
646 3133 758 3178 linea
780 3133 976 3177 nominat
997 3144 1055 3177 ex
1076 3133 1236 3190 quibus
1268 3131 1444 3189 fingitur
1459 3128 1626 3174 limbus
1642 3126 1717 3186 (=
1732 3125 1893 3185 zoom).

177 2130 327 2177 indem
373 2143 424 2176 er
468 2130 540 2176 die
590 2129 899 2176 Unterlein
911 2141 977 2174 en
1029 2142 1101 2174 am
1150 2128 1310 2174 Boden
1351 2128 1435 2173 fest
1465 2128 1626 2184 macht,
1657 2127 1729 2173 die
1761 2126 1893 2172 Netz-
1960 2172 1961 2175 ,
