2210 3568
1004 226 1084 272 107

397 358 606 404 morbida
634 359 709 411 vis
740 357 978 403 hominum
1005 358 1167 414 generi
1193 359 1511 415 pecudumque
1541 359 1754 413 catervis,

396 429 654 487 expediam.
681 429 884 486 primum
915 428 1164 474 multarum
1194 430 1376 475 semina
1409 442 1560 476 rerum

396 513 502 547 esse
531 512 676 558 supra
706 501 842 546 docui
872 512 993 557 quae
1022 500 1118 544 sint
1148 501 1315 546 vitalia
1346 501 1493 558 nobiS,

254 571 365 618 1095
396 576 442 618 et
471 576 632 618 contra
662 575 782 629 quae
812 572 910 617 sint
941 571 1097 616 morbo
1131 572 1357 628 mortique
1388 576 1621 618 necessest

398 656 543 701 multa
580 656 750 703 volare.
782 667 841 701 ea
871 665 1121 700 cum·casu
1151 659 1262 700 sunt
1284 654 1416 712 forte
1445 659 1602 701 coorta

395 730 442 772 et
466 726 798 783 perturbarunt
826 726 1019 781 caelum,
1044 724 1139 783 fit
1169 726 1474 771 morbidus
1504 739 1573 785 ae
1586 739 1619 774 r.

396 801 537 855 atque
566 810 624 844 ea
654 799 729 843 vis
758 797 911 844 omnis
943 797 1203 842 morborum
1230 798 1557 855 pestilitasque

395 873 480 915 aut
509 870 797 915 extrinsecus
828 872 878 914 ut
909 869 1056 913 nubes
1087 869 1372 925 nebulaeque
1402 882 1660 926 superne

254 951 367 998 1100
391 964 501 1010 per
526 953 756 998 caelum
786 953 996 1008 veniunt,
1029 956 1112 997 aut
1145 953 1252 1009 ipsa
1282 965 1425 1009 saepe
1456 956 1641 998 coortae

397 1024 462 1070 de
490 1028 658 1070 terra
688 1028 897 1082 surgunt,
932 1024 1010 1069 ubi
1036 1028 1250 1080 putorem
1282 1024 1443 1069 umida
1474 1028 1657 1070 nactast

398 1095 735 1153 intempestivis
761 1096 1028 1153 pluviisque
1059 1099 1104 1140 et
1133 1096 1311 1141 solibus
1343 1096 1447 1141 icta.

171 1183 175 1187 ¹
247 1176 292 1213 et
320 1168 514 1213 eundem
548 1167 625 1213 V1.
666 1168 806 1212 1119:
836 1179 838 1181 ·

256 1251 369 1296 1119
397 1251 593 1308 proinde
627 1251 706 1296 ubi
734 1264 788 1296 se
818 1252 998 1296 caelum
1031 1252 1154 1307 quod
1184 1251 1319 1296 nobis
1341 1249 1475 1308 forte
1504 1251 1708 1296 alienum

257 1318 370 1368 1120
399 1327 653 1368 commovet
682 1327 822 1380 atque
853 1335 938 1367 aer
968 1323 1185 1368 inimicus
1216 1334 1401 1379 serpere
1432 1323 1594 1379 coepit,

401 1398 451 1439 ut
481 1394 649 1439 nebula
680 1406 737 1440 ac
769 1395 915 1440 nubes
942 1394 1174 1451 paulatim
1206 1394 1323 1450 repit
1354 1397 1397 1438 et
1429 1406 1564 1439 omne

400 1478 493 1523 qua
519 1467 736 1523 graditur
763 1466 1009 1512 conturbat
1040 1470 1085 1510 et
1117 1466 1364 1510 immutare
1394 1469 1587 1521 coactat,'

393 1538 455 1596 fit
485 1550 665 1595 quoque
697 1542 761 1594 ut,
795 1539 844 1583 in
875 1542 1088 1583 nostrum
1119 1549 1222 1582 cum
1253 1538 1381 1582 venit
1410 1538 1610 1593 denique
1640 1538 1830 1593 caelum,

399 1614 662 1667 corrumpat
692 1611 945 1667 reddatque
977 1610 1055 1655 sui
1085 1610 1240 1654 simile
1270 1608 1409 1666 atque
1439 1610 1656 1654 alienum.

259 1692 372 1739 1125
403 1693 519 1739 haec
550 1694 694 1750 igitur
720 1693 876 1739 subito
907 1694 1067 1739 clades
1099 1705 1222 1738 nova
1248 1693 1686 1749 pestilitasque

402 1766 567 1811 autin
596 1777 749 1822 aquas
779 1766 909 1811 cadit
939 1770 1021 1810 aut
1047 1765 1270 1823 fruges
1297 1765 1560 1821 persidit
1593 1765 1651 1809 in
1682 1765 1854 1821 ipsas

399 1841 484 1882 aut
513 1837 637 1882 alios
667 1838 907 1883 hominum
936 1841 1109 1894 pastus
1136 1837 1456 1893 pecudumque
1486 1836 1666 1881 cibatus

401 1909 658 1954 autetiam
688 1921 988 1965 suspensa
1021 1912 1218 1953 manet
1250 1909 1341 1952 vis
1372 1920 1511 1952 aere
1544 1908 1602 1952 in
1635 1908 1766 1964 ipso

401 1984 460 2036 et,
492 1993 596 2025 cum
626 1981 863 2036 spirantes
897 1982 1072 2025 mixtas
1103 1981 1211 2024 hinc
1241 1980 1453 2024 ducimus
1488 1991 1646 2034 auraS,
1734 2036 1738 2040 ι

260 2063 374 2108 1130
405 2064 488 2109 illa
518 2076 699 2120 quoque
731 2065 780 2109 in
812 2076 982 2120 corpus
1011 2065 1193 2120 pariter
1218 2063 1404 2108 sorbere
1435 2065 1679 2109 necessest.

401 2135 638 2181 consimili
667 2136 849 2181 ratione
878 2137 1006 2181 venit
1037 2136 1184 2180 bubus
1215 2147 1395 2191 quoque
1425 2147 1568 2190 saepe

397 2207 635 2263 pestilitas
665 2211 710 2252 et
743 2208 840 2252 iam
867 2208 1019 2264 pigris
1050 2207 1317 2252 balantibus
1347 2218 1524 2262 aegror.

198 2332 203 2335 ἡ
253 2277 326 2337 (Et
371 2279 466 2324 aliis
511 2279 620 2324 locis
670 2279 872 2325 Grattius
908 2280 1103 2324 Lucretii
1143 2291 1303 2324 versus
1334 2279 1550 2323 memoria
1581 2287 1712 2333 tenet,
1745 2278 1797 2323 cf.
1832 2290 1914 2322 nos

195 2350 251 2394 ad
285 2362 351 2395 vs.
382 2350 426 2395 6.
459 2350 532 2406 97,
564 2350 656 2409 98.)
724 2389 736 2404 ,

255 2421 392 2480 Verg.
429 2421 601 2480 Georg.
637 2423 712 2468 111.
747 2423 859 2468 478:

254 2492 344 2539 478
404 2493 512 2538 hinc
542 2494 775 2550 quondam
807 2494 964 2540 morbo
995 2494 1115 2540 caeli
1146 2494 1415 2538 miseranda
1446 2496 1604 2537 coorta
1620 2497 1690 2537 est

401 2569 656 2622 tempestas
686 2570 874 2623 totoque
906 2566 1124 2611 autumni
1156 2565 1397 2610 incanduit
1427 2567 1562 2609 aestu

404 2641 449 2682 et
476 2649 627 2694 genus
658 2650 792 2683 omne
824 2638 925 2683 neci
952 2637 1184 2694 pecudum
1215 2637 1357 2690 dedit,
1390 2647 1525 2681 omne
1548 2633 1763 2692 ferarum

255 2719 343 2765 494
405 2720 511 2765 hinc
540 2721 678 2766 laetis
708 2721 844 2766 vituli
872 2721 1006 2778 volgo
1038 2721 1298 2766 moriuntur
1326 2720 1375 2764 in
1406 2718 1561 2763 herbis

404 2796 451 2837 et
479 2793 636 2838 dulces
666 2793 854 2837 animas
881 2792 1025 2848 plena
1056 2792 1119 2837 ad
1148 2791 1397 2848 praesepia
1428 2789 1623 2834 reddunt
1632 2801 1646 2839 ,·

405 2864 513 2909 hinc
541 2865 736 2910 canibus
766 2864 952 2909 blandis
982 2864 1136 2909 rabies
1166 2864 1306 2908 venit.

258 2935 395 2994 Verg.
429 2935 541 2981 Aen.
576 2935 652 2982 111.
692 2936 773 2981 137

883 3007 1037 3052 subito
1068 3018 1170 3052 cum
1200 3006 1362 3051 tabida
1394 3002 1608 3049 membris

408 3083 620 3135 corrupto
650 3079 769 3124 caeli
798 3082 950 3124 tractu
982 3078 1340 3133 miserandaque
1371 3074 1495 3119 venit

408 3150 739 3207 arboribusque
769 3150 979 3207 satisque
1010 3150 1111 3195 lues
1141 3153 1186 3195 et
1217 3147 1376 3206 letifer
1405 3157 1572 3191 annus.
