2210 3568
919 243 978 288 75

90 358 219 434 fich,
266 385 349 430 per
393 385 507 431 quae
548 375 730 430 transiit,
763 374 980 432 relinquit,
1013 386 1037 418 a
1070 387 1179 420 cane
1211 375 1392 421 naribus
1423 384 1636 433 captatur,
1668 385 1812 422 osten-

27 440 60 504 ’,ζ
95 434 246 501 'dinque
290 456 378 502 qua
423 446 496 490 via
541 447 639 491 ierit
669 445 775 491 fera.
812 445 1007 504 Oppian.
1044 445 1221 504 Cyneg.
1258 447 1288 501 1,
1322 447 1409 492 467
1442 459 1657 505 vaporem
1689 448 1809 492 illum

97 514 266 571 θήρειον
297 516 465 571 ἀνι-μήν
495 518 717 573 nominat3
739 526 857 582 totus
878 526 1024 562 autem
1047 517 1170 563 locus
1193 528 1395 563 nostrum
1416 521 1583 576 optime
1609 519 1811 582 illustrat:

99 588 101 590 ’
270 588 423 644 ἐχθρὸν
455 587 532 642 ὶάρ
563 587 606 631 δὲ
637 589 814 641 κύνεσσι,
844 587 967 642 φίλον
1000 588 1042 631 δὲ
1074 587 1189 630 πέλει
1221 590 1514 646 φθινόπωρον·

272 657 378 714 εἴαρι
407 661 488 714 γὰρ
517 661 748 717 βοτάνῃσιν
779 659 889 715 ἄδην
920 662 1172 715 ποιητρόφος
1206 658 1281 703 αἶα

271 731 424 772 ἄνθεσι
456 729 646 786 πληθύει
678 747 722 772 τε
753 729 1010 784 πολύπνοος,
1042 732 1148 786 ἀμφὶ
1182 732 1224 775 δὲ
1255 734 1399 787 πάντῃ

273 799 522 856 εὐστέφανοι
553 800 748 856 λειμῶνες
780 803 968 856 ἀνήροτα
999 805 1273 859 πορφύρουσι,

227 891 230 894 ·
271 874 343 914 καὶ
372 880 560 914 πᾶσαν
590 873 910 931 στιβέεσσιν
944 876 1250 931 ἐῦῤῥίνοισι
1282 876 1540 918 κύνεσσιν

209 945 227 1003 '⁴
272 944 440 998 ὀσμὴν
471 946 911 1002 πρεσβεύτειραν
943 945 1369 1001 ἀμαλδύνουσιν
1401 949 1648 1003 ἄρουραι.

273 1016 412 1071 αὐτὰρ
442 1015 490 1058 ὲν
522 1017 719 1072 εὐκάρπῳ
751 1015 1128 1073 γλυκεροσταφύλῳ
1158 1021 1422 1074 φθινοπώρῳ

271 1095 392 1129 ποῖαι
423 1089 495 1129 καὶ
525 1089 710 1145 βοτάναι
743 1090 815 1130 καί
845 1090 882 1131 τ’
916 1089 1056 1132 ἄνθεα
1086 1094 1355 1146 γηράσκουσι,

272 1161 411 1213 γυμνὴ
443 1158 486 1201 δὲ
517 1158 762 1202 σκυλάκεσσι
794 1160 903 1215 μένει
935 1162 1101 1217 θήρειος
1132 1163 1286 1216 ἀυτμή.

30 1268 31 1271 ,
156 1230 325 1276 Versus
369 1229 610 1276 223—225
657 1234 720 1277 sic
763 1234 1011 1291 explicandi
1044 1243 1167 1278 sunt:
1201 1236 1238 1278 si
1270 1235 1314 1278 in
1346 1247 1401 1279 eo
1434 1235 1533 1280 loco
1563 1236 1660 1286 <ubi
1693 1238 1813 1280 canis

32 1299 35 1307 ”
93 1301 235 1348 feram
266 1303 460 1360 quaerit>
490 1304 618 1348 turba
650 1314 716 1348 est
746 1305 961 1362 <plurium
996 1307 1300 1362 vestigiorum,
1334 1319 1447 1363 quae
1479 1307 1651 1365 reliquit
1681 1308 1811 1363 fera>,

26 1388 29 1425 ς
93 1385 181 1431 qua
227 1374 355 1419 turba
399 1373 559 1419 fallitur
603 1384 860 1434 <metagon>
907 1379 1087 1434 vaporis
1131 1377 1258 1422 serini
1289 1379 1414 1435 signa
1446 1379 1611 1436 legens,
1645 1381 1813 1425 maiore

94 1457 211 1504 gyro
255 1447 395 1503 spatia
439 1455 593 1491 extera
639 1457 758 1492 secat
805 1449 831 1492 i.
875 1461 912 1493 e.
957 1450 1124 1494 maiore
1156 1461 1272 1506 gyro
1303 1451 1452 1504 currit,
1484 1450 1591 1495 dum
1623 1453 1813 1522 reperg'at

20 1545 31 1583 J
93 1529 182 1574 qua
211 1517 389 1562 tandem
422 1519 494 1562 via
526 1518 620 1563 fera
651 1531 831 1576 egressa
862 1521 928 1564 sit.

23 1682 27 1712 3
155 1647 257 1693 224.
318 1649 670 1697 intemerata:
712 1671 768 1688 =
801 1663 925 1708 pura,
959 1653 986 1695 i.
1019 1664 1057 1696 e.
1092 1652 1289 1696 nondum
1323 1665 1425 1697 cum
1458 1652 1597 1697 odore
1629 1652 1812 1709 aliarum

25 1755 27 1758 .
93 1718 291 1765 ferarum
323 1722 472 1766 mixta.

152 1790 294 1838 eius:
339 1802 499 1849 poetae
545 1806 676 1838 casus
722 1795 926 1851 obliquos
973 1797 1251 1852 pronominis
1299 1795 1354 1847 is,
1395 1807 1467 1847 ea,
1510 1795 1557 1839 id
1590 1797 1812 1840 rarissime

20 1860 26 1874 ⁹
93 1863 324 1920 adhibent;
374 1863 569 1910 Ovidius
615 1868 812 1923 genitivo
844 1867 948 1911 eius
980 1880 1068 1911 non
1104 1869 1236 1911 utitur
1268 1869 1351 1911 nisi
1385 1867 1566 1911 Metam.
1602 1867 1722 1922 V111,
1763 1868 1814 1911 16

16 1938 23 1956 ”
91 1945 210 1980 saxo
253 1947 400 1981 sonus
439 1936 544 1981 eius
576 1937 804 1990 inhaesit:
835 1937 965 1983 Trist.
1003 1939 1079 1992 111,
1111 1941 1151 1983 4.
1186 1939 1267 1993 27;
1299 1952 1358 1983 ex
1392 1939 1520 1983 Pont.
1557 1939 1633 1991 IV,
1673 1940 1737 1983 15.
1770 1939 1811 1982 6.

151 2064 254 2111 225.
318 2069 468 2112 secat
513 2069 720 2123 spatia:
767 2069 821 2113 cf.
876 2069 1008 2125 Verg.
1044 2069 1155 2114 Aen.
1192 2070 1270 2123 VI,
1301 2070 1390 2114 899
1423 2070 1499 2114 ille
1529 2070 1655 2114 viam
1686 2074 1814 2114 secat

93 2137 157 2182 ad
201 2137 353 2190 navis,
400 2139 498 2194 XII,
545 2139 635 2184 368
677 2140 747 2184 sic
785 2140 945 2192 Turno,
978 2152 1264 2197 quacumque
1294 2142 1420 2186 viam
1450 2145 1592 2194 secat,
1623 2142 1812 2198 agmina

25 2232 29 2234 *
93 2209 274 2263 cedunt,
307 2209 458 2267 Eurip.
493 2210 726 2256 Phoeniss.
771 2212 805 2264 l,
838 2209 871 2253 ὦ
903 2215 980 2265 τὴν
1012 2215 1055 2254 ἐν
1079 2212 1243 2267 ἄστροις
1267 2215 1452 2266 οὐρανοῦ
1483 2213 1676 2266 τέμνων
1699 2213 1810 2255 ὁδόν,

17 2291 29 2319 1-
94 2273 279 2339 Anglice
308 2284 357 2326 to
387 2285 463 2326 cut
493 2282 622 2327 one’s
652 2295 769 2339 way.

19 2359 21 2364 ’
153 2353 361 2408 spatia:
386 2356 532 2422 ‚spatia
565 2358 783 2400 tramitem
822 2365 951 2400 vocat
984 2358 1056 2413 qui
1089 2359 1192 2408 πρὸς
1224 2359 1278 2398 τὰ
1310 2358 1458 2400 εὐναῖσι
1490 2357 1620 2402 ducit.

22 2531 23 2534 ,
151 2482 252 2528 225.
316 2496 476 2541 gyro:
522 2486 576 2530 cf.
630 2485 766 2531 Ovid.
812 2487 1111 2545 Metamorph.
1156 2487 1256 2541 vn,
1288 2487 1369 2532 781
1409 2488 1545 2532 modo
1575 2487 1810 2544 deprendi,

57 2578 61 2582 ⁴
93 2555 230 2600 modo
273 2567 328 2600 se
371 2557 626 2602 subducere
670 2558 729 2602 ab
762 2558 865 2614 ipso
895 2563 915 2613 s
945 2559 1132 2604 vulnere
1163 2559 1269 2604 visa
1290 2559 1404 2616 fera
1435 2563 1520 2612 est,
1553 2572 1636 2604 nec
1665 2559 1812 2603 limite

92 2626 264 2693 callida
303 2631 426 2673 recto
456 2633 476 2683 s
509 2629 557 2673 in
597 2630 893 2686 spatiumque
914 2630 1060 2687 fugit,
1090 2632 1176 2676 sed
1207 2631 1379 2687 decipit
1410 2643 1492 2676 ora
1523 2631 1761 2687 sequentis
1792 2635 1811 2684 s

25 2751 32 2763 ⁴.
93 2701 139 2743 et
167 2699 289 2744 redit
320 2699 370 2744 in
396 2712 613 2756 gyrum,
645 2713 703 2746 ne
733 2702 798 2746 sit
826 2714 944 2747 suas
977 2703 1176 2758 impetus
1207 2703 1343 2748 hosti.

32 2804 37 2821 ”
92 2821 95 2826 ·
151 2805 253 2851 226.
315 2820 563 2864 egressu:
609 2810 755 2863 „ferae
786 2822 812 2854 e
844 2810 1060 2855 latibulis'’
1093 2813 1128 2855 si
1162 2811 1346 2855 Barthio
1378 2821 1420 2855 et
1453 2811 1683 2855 Vollmero
1716 2822 1810 2854 cre-

18 2918 27 2942 s
93 2869 251 2923 dimus.
301 2880 458 2925 Vlitius
505 2891 659 2926 contra
706 2883 1040 2939 interpretatur:
1083 2895 1291 2940 egressus
1334 2884 1621 2939 vestigiorum
1656 2894 1679 2925 a
1712 2881 1811 2925 loco

93 2948 181 3014 ἰῌο,
213 2963 303 3007 quo
335 2953 506 2997 turbata
536 2963 676 3007 erant,
708 2953 762 2997 ad
795 2954 938 2998 cubile
969 2954 1316 3010 procedentium.

16 3072 17 3077 ¹
153 3021 272 3067 sine
315 3021 527 3070 fraude:
574 3024 682 3069 haec
731 3025 945 3069 vocabula
992 3037 1094 3070 cum
1138 3037 1250 3070 voce
1282 3037 1470 3081 egressa
1502 3024 1809 3081 coniungenda

15 3105 29 3142 s
96 3102 216 3148 sunt3
247 3105 449 3151 egressu.
467 3095 572 3140 sine
592 3094 770 3153 fraude
801 3117 859 3132 =
891 3108 1002 3141 vero
1034 3099 1219 3142 tramite.

25 3158 28 3159 ⁷
154 3164 265 3210 iam
293 3168 435 3213 tum:
458 3167 553 3211 iam
576 3188 631 3206 =
653 3168 854 3224 tandem;
878 3171 999 3214 tum:
1020 3178 1253 3226 postquam
1277 3171 1444 3213 maiore
1466 3180 1581 3226 gyro
1603 3169 1808 3212 cucurrit.
