2210 3568
942 208 1023 253 125

58 338 62 342 ’
115 316 152 386 ’ὀ
179 336 264 384 che
290 335 321 382 il
351 346 482 396 poeta
514 349 596 396 per
625 338 866 395 ignor-anza
896 339 968 383 dei
999 339 1149 396 luoghi
1181 340 1307 384 abbia
1338 342 1461 386 unito
1492 340 1532 386 la
1563 350 1706 402 grotta
1737 342 1837 387 dell'

122 407 234 456 Etna
279 408 350 455 col
390 408 490 466 lago
521 408 565 452 di
597 408 785 466 petrolio
817 409 930 454 della
963 411 1191 467 provincia
1223 411 1267 455 di
1302 410 1523 470 Girgenti,
1553 412 1583 457 il
1613 412 1696 458 che
1727 415 1837 471 pero

119 481 308 540 ripugna
353 479 394 525 al
438 491 523 526 suo
554 481 746 538 ingegno
777 481 993 539 svegliato
1025 481 1080 526 ed
1113 482 1299 538 istruito‚
1331 495 1359 527 o
1391 483 1474 528 che
1505 496 1586 541 per
1616 484 1839 530 isconvol-

42 553 57 614 '3
118 551 300 611 gisnenti
344 550 569 609 platonici,
610 552 650 595 ai
682 550 799 609 quali
830 552 947 597 ando
978 561 1178 609 soggetta
1210 562 1326 598 tante
1360 554 1477 599 volte
1508 554 1548 598 la
1580 554 1741 612 Sicilia,
1773 557 1837 602 sia

117 632 378 681 seomparsa
406 621 448 667 la
477 631 622 680 grotte
651 623 859 668 esistente
890 622 930 667 al
961 632 1112 680 tempo
1137 623 1208 668 del
1237 633 1380 681 poeta.
1414 623 1691 672 Potrebbero
1716 626 1836 673 forse

43 725 45 731 -
117 693 160 740 le
188 704 271 740 sue
301 693 455 752 parole
484 693 680 738 alludere
711 694 794 738 alla
824 703 968 751 grotta
999 694 1042 738 di
1076 693 1271 750 Sciacca,
1302 695 1598 742 famosissima
1635 698 1706 743 nei
1739 697 1837 743 fasti

47 760 49 765 ’
119 765 306 822 medici3
351 777 425 810 ma
469 776 519 810 se
565 777 666 810 essa
710 766 878 810 trovasi
927 764 1038 810 nella
1086 778 1215 822 prov.
1262 766 1305 810 di
1350 764 1570 824 Girgenti,
1604 769 1648 812 vi
1680 782 1837 814 manca

42 884 45 889 ,
119 837 232 896 pero
246 836 290 881 »il
321 835 555 895 petrolio.”

25 979 31 984 .,
178 928 281 1001 430.
312 956 398 1002 est
426 955 485 999 in
516 953 793 1000 Trinacria
825 967 1020 1010 specus
1050 955 1245 1010 ingens
1276 967 1424 1011 rupe,
1457 955 1681 1012 cavique
1711 962 1732 1010 Ι
1762 957 1838 1002 in·

29 1055 31 1058 -
118 1028 328 1075 trusum
357 1026 585 1072 reditus:
617 1026 773 1072 confer
807 1027 942 1084 Verg.
965 1025 1135 1085 Georg.
1157 1027 1235 1072 IV.
1254 1027 1494 1072 418—422
1524 1031 1598 1072 est
1627 1040 1838 1084 specus

18 1095 33 1153 f
95 1154 98 1159 ι
121 1097 328 1154 ingens
371 1101 393 1153 s
437 1098 569 1142 exesi
598 1098 744 1142 latere
776 1098 825 1142 in
857 1098 1042 1151 montis,
1075 1110 1166 1154 quo
1192 1099 1398 1154 plurima
1428 1102 1564 1143 vento
1594 1102 1615 1153 l
1644 1099 1836 1156 cogitur,

28 1175 33 1213 5
121 1169 260 1226 inque
287 1169 425 1214 sinus
453 1169 628 1215 scindit
656 1181 763 1214 sese
795 1170 922 1214 unda
953 1170 1166 1214 reductos
1179 1183 1196 1224 ,·
1229 1170 1269 1214 N
1289 1170 1348 1215 32
1374 1169 1459 1212 ’ἐστι
1475 1170 1519 1212 δέ
1535 1187 1575 1212 τι
1591 1171 1713 1219 σπέος
1728 1172 1837 1226 εὐρύ.

182 1239 321 1287 Vidoe
360 1239 586 1287 Grattium
618 1242 688 1287 hic
721 1253 913 1299 quoque,
947 1242 1099 1287 verbis
1129 1245 1201 1286 est
1229 1253 1397 1297 specus
1429 1241 1592 1298 ingens
1621 1244 1836 1300 exceptiS,

26 1292 39 1363 ἶ
119 1312 203 1358 alia
233 1313 341 1357 dare
372 1321 503 1370 atque
535 1313 795 1371 Vergilium.

177 1383 236 1428 in
266 1383 568 1429 Trinacria.
585 1419 596 1430 .
616 1418 626 1430 .
647 1420 656 1429 .
696 1396 852 1440 rupe:
884 1385 938 1430 cf.
970 1383 1130 1430 Catull.
1147 1384 1220 1429 68.
1237 1383 1296 1428 53
1312 1396 1415 1429 cum
1431 1387 1611 1429 tantum
1627 1384 1837 1430 arderem

22 1446 29 1493 Ῑ-
120 1458 344 1512 quantum
395 1456 632 1501 Trinacria
676 1468 829 1512 rupes,
873 1458 961 1511 ubi,
1004 1466 1050 1501 ut
1096 1465 1251 1501 nostro
1283 1456 1398 1510 loce,
1431 1467 1570 1512 rupes
1599 1476 1659 1493 =
1689 1467 1834 1501 mons.

23 1562 25 1566 .
182 1526 290 1572 Inde
320 1528 376 1572 ab
412 1527 619 1573 Homero
650 1529 891 1585 scriptores
922 1528 1084 1583 locum,
1115 1528 1190 1572 ubi
1220 1537 1449 1584 geruntur,
1481 1539 1595 1584 quae
1617 1528 1836 1572 narraturi

24 1603 26 1607 ’
119 1608 236 1654 sunt,
268 1598 341 1645 tali
371 1601 507 1644 modo
538 1600 792 1646 describere
814 1600 1046 1657 incipiunt:
1074 1600 1230 1653 „estin
1252 1597 1479 1643 Trinacria
1499 1611 1662 1656 specus
1682 1599 1837 1656 ingens

18 1688 25 1731 ¹,
121 1670 278 1728 rupe'’,
310 1670 366 1716 cf.
402 1669 574 1729 Odyss.
610 1670 686 1716 IV.
718 1670 808 1715 844
840 1669 924 1713 ’ἐστι
946 1670 990 1713 δέ
1011 1686 1076 1719 τις
1092 1678 1214 1724 νῆσος
1228 1670 1353 1726 μέσσῃ
1371 1668 1442 1710 ἁλὶ
1458 1670 1699 1725 πετρήεσσα,
1717 1669 1835 1715 XIII.

25 1758 28 1762 “
121 1740 194 1787 96.
225 1740 345 1788 ΧΙΧ.
378 1741 482 1798 1723
518 1742 614 1788 Ον.
642 1742 752 1787 Met.
784 1742 799 1786 1
836 1742 916 1786 168
938 1745 1010 1786 est
1034 1742 1114 1786 via
1138 1741 1379 1795 sublimis;
1409 1741 1442 1787 1.
1464 1741 1551 1785 567
1580 1745 1651 1785 est
1676 1753 1838 1786 nemus

121 1812 442 1868 Haemoniae,-
471 1813 526 1859 11.
566 1813 672 1870 1953
705 1812 820 1876 μειερ.
855 1813 910 1858 11.
943 1814 1057 1869 491;
1092 1813 1169 1858 ιν.
1201 1813 1313 1868 337;
1346 1826 1404 1857 ex
1428 1813 1574 1857 Ponto
1599 1812 1673 1857 111.
1697 1812 1741 1857 2.
1764 1813 1835 1857 45.

179 1932 281 1978 431.
317 1933 541 1979 reditus:
574 1932 718 1978 flexus
751 1933 1002 1987 redeuntes,
1037 1933 1143 1988 „des
1174 1934 1436 1987 courbures,
1468 1933 1542 1989 qui
1575 1933 1837 1977 reviennent
1876 1941 1877 1944 ’

119 2017 198 2051 sur
241 2004 593 2060 elles-memes”;
625 2017 906 2062 supervacua
938 2014 1005 2050 est
1040 2004 1214 2050 Heinsii
1246 2006 1500 2049 coniectura
1532 2004 1837 2048 introversum

118 2075 299 2133 aditus;
327 2075 382 2123 cf.
415 2088 529 2134 quae
561 2076 839 2134 Pomponius
873 2076 992 2130 Mela
1026 2077 1154 2121 nobis
1186 2077 1241 2120 de
1273 2075 1525 2132 labyrintho
1557 2084 1706 2119 narrat
1724 2073 1774 2131 (1.
1791 2074 1837 2131 9)

121 2159 264 2193 unum
310 2147 360 2193 in
398 2159 452 2192 se
493 2148 766 2192 descensum
797 2147 948 2200 habet,
982 2147 1109 2192 intus
1137 2159 1289 2203 paene
1322 2146 1684 2191 innumerabiles
1715 2146 1835 2197 viaS,

34 2237 39 2244 ·
121 2219 280 2270 multis
309 2218 583 2275 ambagibus
614 2219 702 2264 huc
732 2222 777 2263 et
810 2219 918 2264 illuc
949 2231 1057 2264 rem
1068 2219 1265 2263 eantib
1279 2230 1354 2271 ηε,
1378 2221 1423 2262 et
1447 2229 1591 2274 saepe
1608 2218 1837 2262 revocatis

25 2344 28 2351 Α
115 2290 371 2347 porticibus
419 2290 663 2347 ancipites,
717 2290 884 2347 quibus
921 2290 1119 2336 subinde
1164 2290 1311 2334 alium
1356 2301 1498 2345 super
1531 2289 1654 2334 alios
1684 2288 1835 2334 orbem

120 2361 366 2419 agentibus
380 2365 425 2407 et
445 2361 643 2407 subinde
662 2365 843 2407 tantum
875 2362 1007 2406 rede
1022 2365 1161 2406 unte
1183 2360 1221 2419 f
1229 2361 1281 2405 le
1297 2373 1384 2416 xa,
1407 2364 1631 2417 quantum
1651 2371 1835 2416 proces-

94 2437 260 2498 =serat,
293 2446 462 2491 magno
491 2437 538 2479 et
567 2433 834 2490 explicabili
863 2437 1021 2479 tamen
1052 2445 1205 2479 errore
1232 2433 1482 2490 perplexus
1512 2435 1595 2477 est.

179 2505 377 2551 circum
408 2507 564 2551 atrae
596 2505 812 2551 moenia
842 2506 1016 2551 silvae
1046 2511 1067 2559 Ι
1098 2505 1210 2550 alta
1237 2507 1514 2560 premunt:
1535 2507 1667 2549 atrae
1686 2503 1835 2548 silvae

119 2578 360 2636 genitivus;
407 2590 567 2623 versus
612 2577 862 2623 felicissime
908 2580 1103 2622 animum
1135 2577 1319 2635 legentis
1351 2577 1540 2622 horrore
1572 2576 1724 2619 divino
1756 2576 1835 2618 im-

120 2649 235 2704 buit;
251 2658 427 2694 antrum
449 2650 638 2707 cingitur
659 2649 879 2695 altissimis
900 2650 1134 2695 arboribus
1155 2658 1293 2693 totum
1314 2649 1461 2693 locum
1482 2647 1833 2692 obscurantibus.

179 2779 282 2824 432.
298 2779 547 2836 ruptique
563 2780 832 2824 ambustis
847 2778 1091 2824 faucibus
1108 2790 1318 2824 amnes:
1336 2779 1390 2823 cf.
1410 2778 1546 2835 Verg.
1568 2776 1737 2833 Georg.
1756 2775 1831 2819 lll.

120 2850 210 2896 428
240 2862 404 2896 amnes
436 2851 545 2896 ullis
576 2850 1104 2921 rumpunturfoniibus.

180 2981 281 3028 433.
330 2981 572 3028 Volcano
619 2982 870 3027 condicta
901 2982 1113 3027 domus:
1145 2982 1200 3026 cf.
1235 2981 1370 3038 Prop.
1407 2979 1481 3023 lV.
1516 2979 1559 3024 4.
1592 2978 1620 3022 5
1652 2976 1835 3021 Silvani

63 3068 65 3070 ·
120 3064 309 3099 ramosa
339 3054 519 3107 domus,
553 3053 688 3111 Verg.
724 3053 837 3098 Aen.
872 3053 904 3097 1.
935 3053 1016 3098 168
1038 3053 1340 3109 nympharum
1362 3050 1549 3100 domus:
1569 3047 1833 3092 condicta

24 3135 25 3138 ’
119 3144 174 3162 =
209 3127 434 3170 communi
465 3137 687 3172 consensu
720 3125 930 3170 dedicata.
