2210 3568
950 244 1007 288 57

123 375 337 434 explicari
381 376 534 432 possit,
581 374 651 432 (cf.
686 374 774 419 492
811 384 855 419 et
897 373 1031 419 Thes.
1064 375 1090 418 l.
1126 374 1175 419 L.
1211 374 1265 431 11,
1298 389 1340 433 p.
1380 375 1473 420 120.
1506 374 1583 434 26)
1613 376 1841 420 avertitur

6 457 25 478 Α
125 458 210 504 pro
254 445 513 502 decerpitur
557 454 676 491 recte
721 446 806 490 dici
855 457 988 502 posse
1035 447 1112 490 vix
1153 447 1300 491 credo.
1335 446 1518 492 Accedit
1548 447 1668 504 quod
1702 434 1839 492 verba

123 517 235 562 dam
260 516 505 575 pomiferis
533 517 789 561 advertitur
818 528 971 561 annas
1001 520 1021 570 s
1043 515 1297 573 frondibus
1328 518 1624 563 defenduntur
1657 517 1840 576 Vergilii

129 583 299 647 Georg.
334 588 388 633 11.
419 588 509 633 362
539 588 650 633 dum
675 587 830 644 prima
860 587 994 632 novis
1015 588 1239 632 adolescit
1260 588 1515 645 frondibus
1535 593 1684 643 aetas,
1705 602 1838 647 quem

125 673 308 707 versum
339 670 439 705 ante
470 660 625 705 oculos
655 659 807 704 habuit
836 668 1002 714 noster,
1034 660 1113 703 sed
1145 672 1272 704 more
1303 645 1386 705 s⁰uo
1408 662 1501 705 aliis
1523 663 1658 706 utitur
1675 662 1839 717 verbiS,

125 739 256 799 atque
302 730 572 788 exemplum.
622 729 743 775 Idem
792 743 951 775 versus
992 729 1090 774 finis
1135 729 1373 776 Columell.
1417 732 1470 776 X.
1510 732 1592 777 160
1623 733 1840 789 nulloque

122 813 242 848 sono
271 801 659 855 convertitur
685 813 888 846 annas.

190 873 286 919 149.
303 874 360 919 et
374 872 586 929 tepidos
601 874 897 917 autumnus
913 873 1153 918 continet
1169 873 1393 919 imbres:
1411 895 1467 912 =
1479 875 1586 920 dum
1603 885 1840 920 autumnus

122 944 296 1003 tepidos
326 945 492 990 imbres
521 956 612 989 non
645 943 841 989 effundit.
878 943 1104 1002 „Tepidos
1135 946 1344 1001 imbres”‚
1377 947 1515 1003 inquit
1538 946 1839 1002 Burmannus,

127 1025 365 1072 „autumno
395 1016 469 1062 dat
499 1017 573 1073 qui
605 1016 751 1061 calore
778 1017 864 1060 iam
887 1016 1101 1061 diminuto
1123 1018 1295 1062 medius
1316 1019 1429 1062 inter
1450 1019 1588 1076 frigus
1605 1018 1839 1063 hibernum

121 1096 188 1134 est
229 1080 278 1134 et'
314 1089 536 1133 aestivum
581 1089 805 1133 calorem”
838 1098 958 1133 recte
989 1101 1256 1146 comparans
1289 1089 1439 1134 Manil.
1477 1089 1551 1134 111.
1584 1089 1696 1135 664:
1729 1091 1840 1135 dam

121 1161 245 1204 terra
273 1158 816 1218 tepjoresAatumni
843 1161 1050 1206 resolata
1076 1165 1220 1218 patet.

799 1279 874 1325 De
905 1280 1146 1326 canibuS.
1192 1314 1197 1319 .
1244 1303 1249 1305 >

186 1409 282 1455 150.
313 1409 423 1456 Sed
458 1423 550 1456 cur
581 1411 791 1468 exiguis
822 1413 1011 1456 tantos
1041 1412 1099 1456 in
1130 1412 1376 1467 partibus
1407 1415 1564 1458 orbes
1595 1418 1616 1466 Ι
1646 1413 1840 1457 lustra-

121 1493 268 1526 mus:
314 1481 603 1527 Burmannus
648 1483 854 1528 adnotat:
907 1496 1013 1538 „cur
1053 1486 1122 1528 tot
1162 1485 1369 1541 regiones
1410 1485 1531 1529 orbis
1573 1484 1753 1529 lustro?
1794 1494 1840 1529 ut

122 1550 358 1598 Thraciam
391 1553 556 1599 Italiam
587 1563 630 1599 et
662 1555 870 1599 Arabiam
903 1556 990 1599 iam
1021 1557 1254 1610 recensuit,
1287 1555 1404 1600 unde
1426 1555 1591 1613 lignum
1614 1555 1840 1600 hastilibus

123 1625 267 1680 venit3
297 1628 456 1670 tantos
486 1625 619 1670 orbes
649 1625 758 1670 dixit
789 1638 873 1683 pro
904 1630 971 1671 tot
1002 1636 1150 1684 partes
1182 1628 1303 1683 orbis
1333 1628 1457 1684 eqs”,
1484 1627 1564 1671 sed
1595 1627 1701 1671 nihil
1724 1626 1839 1671 aliud

121 1695 224 1740 dicit
269 1706 401 1753 poeta
446 1698 530 1742 nisi
577 1697 686 1742 hoc:
739 1709 844 1752 „cur
889 1699 933 1742 in
980 1710 1033 1743 ea
1074 1707 1198 1755 parte
1245 1700 1394 1756 operis
1425 1711 1538 1755 quae
1570 1699 1755 1743 minoris
1786 1699 1839 1742 sit

122 1768 334 1812 momenti
366 1770 495 1813 tantis
526 1769 709 1814 orbibus
739 1770 765 1813 i.
798 1781 836 1813 e.
869 1770 998 1814 tantis
1029 1770 1287 1827 ambagibus
1318 1780 1432 1826 utor,
1466 1782 1545 1814 cur
1575 1771 1619 1814 in
1641 1782 1693 1814 ea
1715 1779 1839 1827 parte

121 1846 210 1883 tam
240 1838 315 1884 diu
347 1852 515 1896 moror,
545 1837 670 1897 q‘uasi
702 1852 791 1885 non
824 1841 906 1885 alia
937 1842 1021 1886 sint
1052 1841 1253 1899 digniora
1284 1854 1397 1898 quae
1429 1828 1659 1886 doceam.'’

187 1970 282 2015 151.
313 1970 492 2026 prima
518 1970 612 2015 illa
643 1982 855 2025 canum,
895 1983 1006 2016 non
1039 1972 1150 2016 ulla
1179 1985 1275 2028 per
1304 1972 1442 2017 artis
1477 1984 1606 2017 cura
1626 1977 1646 2026 Ι
1666 1972 1835 2028 prior:

121 2042 264 2100 prima
301 2043 431 2088 nobis
461 2053 528 2088 est
559 2056 665 2088 cura
695 2044 766 2088 illa
798 2056 971 2099 canum,
1003 2045 1028 2088 i.
1063 2057 1101 2089 e.
1135 2046 1327 2102 primum
1360 2045 1488 2105 nobis
1520 2045 1740 2103 agendum
1773 2055 1839 2089 est

121 2113 177 2158 de
208 2125 314 2158 cura
346 2114 415 2158 illa
447 2126 621 2169 canum,
654 2127 740 2172 qua
770 2115 888 2159 nulla
920 2128 1026 2160 cura
1058 2117 1182 2173 prior
1213 2117 1267 2161 sit
1298 2118 1340 2160 in
1374 2126 1462 2161 tota
1494 2126 1587 2161 arte
1620 2117 1838 2171 venandi;

121 2197 205 2243 pro
253 2185 348 2230 ulla
391 2197 474 2242 per
518 2187 636 2231 artis
681 2186 998 2246 (Sannazarus)
1044 2189 1190 2233 codex
1237 2188 1276 2233 A
1323 2189 1453 2234 habet
1501 2189 1629 2233 nulla
1667 2190 1840 2245 partis;

120 2257 300 2315 pluralis
328 2268 412 2312 per
430 2257 549 2302 artis
569 2258 817 2303 defenditur
839 2272 974 2304 versu
997 2259 1079 2304 190
1101 2271 1159 2304 ne
1184 2272 1356 2304 vanum
1376 2263 1501 2305 totas
1516 2273 1667 2317 genus
1687 2273 1841 2317 asper-

121 2339 229 2374 nere
264 2340 369 2384 per
403 2329 572 2374 artis.
632 2329 779 2375 Utitur
814 2329 1015 2375 Grattius
1047 2331 1117 2377 hic
1150 2331 1285 2390 Verg.
1323 2331 1494 2391 Georg.
1531 2332 1604 2378 111.
1638 2333 1725 2378 404
1757 2345 1840 2378 nec

119 2399 207 2446 tibi
234 2411 345 2446 cura
375 2412 541 2446 canum
561 2399 716 2458 faerit
740 2406 989 2458 postrema.

185 2505 280 2577 163.
327 2533 472 2578 nudo
518 2534 720 2578 marte:
767 2534 862 2579 sola
909 2535 1085 2591 virtute,
1127 2548 1217 2579 non
1250 2545 1343 2581 arte
1376 2536 1586 2592 confisus,
1620 2537 1674 2582 cf.
1710 2550 1774 2581 VS.
1808 2537 1837 2581 3

120 2603 247 2649 nuda
275 2603 458 2658 virtute,
488 2613 531 2649 et
562 2617 675 2661 quae
707 2605 762 2649 ad
794 2618 860 2650 vs.
893 2605 981 2650 255
1013 2606 1336 2653 adnotavimus.

186 2733 280 2779 154.
328 2734 474 2780 mille
520 2747 714 2780 canum
762 2735 971 2791 patriae
1017 2737 1264 2793 ductique
1293 2741 1362 2784 ab
1393 2738 1601 2794 origine
1632 2751 1833 2783 mores:

120 2805 175 2852 cf.
195 2805 390 2865 Oppian.
426 2806 565 2852 1.·166
593 2808 739 2851 ἵππων
771 2807 808 2849 δ’
835 2807 958 2850 αἰόλα
981 2808 1110 2862 φῦλον
1141 2811 1230 2852 ‘too'
1262 2810 1434 2855 ἔθνεα
1465 2812 1635 2866 μυρία
1666 2809 1833 2854 πώλων.

179 2877 322 2923 Etiam
354 2878 471 2924 hunc
492 2879 639 2937 locum
661 2878 822 2924 Grattii
839 2882 1033 2937 respexit
1050 2881 1289 2935 Manilius,
1306 2882 1360 2927 cf.
1381 2882 1637 2927 Astronom.
1659 2882 1712 2926 V.
1739 2882 1833 2926 199.

120 2951 317 2994 venatus
354 2961 447 2994 ηοη
483 2950 559 2995 ille
590 2951 788 3007 quidem,
819 2963 976 2996 verum
1007 2963 1139 2997 arma
1170 2954 1339 2998 creatis
1368 2959 1389 3007 l
1419 2954 1622 2998 venandi
1652 2953 1833 3007 tribuet,

121 3021 299 3066 catalos
339 3021 513 3066 nutrire
548 3022 736 3079 sagacis
766 3026 786 3077 s
817 3026 863 3066 et
888 3035 1038 3080 genus
1073 3037 1104 3069 a
1137 3026 1341 3081 proavis,
1375 3037 1561 3070 mores
1592 3036 1833 3069 numerare

119 3102 225 3147 per
280 3092 477 3147 urbes;
531 3093 585 3139 cf.
646 3094 901 3139 Nemesian.
958 3095 1046 3140 237
1093 3097 1256 3142 horum
1301 3097 1378 3155 (sc.
1424 3096 1601 3154 canum)
1650 3095 1834 3141 animos

122 3173 433 3221 moresque
462 3165 603 3210 simul
633 3177 862 3242 naresqap
891 3178 1087 3224 sagaces
1116 3172 1136 3222 s
1169 3180 1275 3213 mox
1304 3168 1517 3225 referam.
