2210 3568
935 251 994 295 45

49 381 269 442 Vffid03
310 381 429 428 hunc
471 394 653 428 versum
685 383 861 440 respicit
896 381 1102 427 Manilius
1135 381 1190 427 V.
1223 380 1313 426 202
1344 384 1390 426 et
1418 381 1628 427 valida
1659 393 1720 427 ve
1732 394 1820 428 na

12 447 67 510 ’,
91 452 235 499 bula
278 453 470 510 cuspide
506 453 624 511 fixa.
675 452 921 509 Quaeritur
964 453 1070 510 quid
1110 454 1165 498 sit
1196 453 1282 498 hoc
1315 453 1414 498 loco
1447 453 1565 498 dens
1598 454 1817 500 venabuli.

48 524 374 573 Dissentiunt
402 526 522 571 enim
553 524 610 570 de
641 524 724 570 hac
755 537 804 570 re
835 526 949 569 inter
964 537 1014 569 se
1040 523 1265 569 Henrious
1282 523 1480 569 Schenkl
1501 524 1575 584 (zu
1601 523 1818 580 Grattius,

32 639 35 643 Δ
37 584 246 654 Jahrb.
277 596 308 641 f.
340 596 467 642 class.
500 595 612 641 Phil.
644 595 720 640 24·
705 601 766 624 *ω*
795 594 1178 653 Supplementbnd
1201 609 1242 652 p.
1266 594 1372 639 428-
1356 595 1482 655 -432)
1502 605 1546 641 et
1568 595 1820 642 Fridericus

45 682 50 723 ζ
98 667 301 714 Vollmer
331 667 392 727 (in
423 675 637 726 apparatu
667 667 871 712 editionis
900 666 1037 724 suae).
1075 665 1401 712 Commentarii
1430 669 1567 713 instar
1597 677 1664 713 est
1695 668 1820 714 locus

30 758 47 789 g
99 739 303 784 Pollucis
335 738 390 784 V.
422 738 482 783 20
511 751 607 796 sqq.
641 740 697 780 τὰ
729 737 772 780 δὲ
803 736 1012 795 προβόλια
1029 767 1039 779 .
1060 768 1069 779 .
1090 769 1100 779 .
1119 769 1128 778 .
1147 739 1273 793 φησὶν
1306 738 1327 779 ὃ
1361 735 1580 792 Ξενοφῶν,
1604 740 1650 781 αἱ
1670 737 1819 796 λόγχαι

43 844 45 850 ,
98 808 143 854 δὲ
174 811 321 852 αὐτῶν
352 809 545 852 ἔστωσαν
576 808 746 865 σιδήρου
777 812 1040 863 τομωτάτου.
1073 817 1148 863 τῆς
1178 807 1222 851 δὲ
1253 807 1403 864 λόγχης
1435 812 1484 852 τὸ
1514 812 1589 863 μὲν
1619 812 1717 866 περὶ
1757 818 1819 869 τῷ

25 884 46 943 ,ἐξ
96 880 212 938 ξύλῳ
243 879 437 924 καλεῖται
470 879 613 937 αὐλός,
649 876 699 922 οὗ
739 882 788 922 τὸ
819 882 894 933 μὲν
927 879 1093 930 ἔξωθεν
1126 882 1151 934 ἦ
1182 881 1444 935 περίμετρος,
1476 883 1526 924 τὸ
1557 880 1600 924 δὲ
1638 881 1818 926 ἔνδοθεν

16 983 37 999 ..
98 956 251 1010 τοῖχος,
280 954 332 995 τὸ
374 951 417 996 δὲ
457 954 567 1007 μετὰ
608 954 684 994 τὸν
717 950 849 996 αὐλὸν
883 951 1025 994 κοῖλον
1057 950 1294 1009 ὀβέλισκος·
1325 953 1429 993 ὅθεν
1462 951 1505 994 δὲ
1535 951 1820 1008 πλατύνεται,

96 1023 369 1081 πτέρυγες
407 1025 452 1066 αἱ
492 1023 757 1079 ἑκατέρωθεν
797 1022 1017 1081 προβολαί.
1061 1026 1110 1065 τὸ
1152 1022 1196 1065 δὲ
1229 1022 1356 1078 ἄκρον
1387 1021 1564 1076 γλῶττα
1595 1023 1762 1077 λέγεται
1793 1031 1821 1081 ἤ

99 1104 178 1151 τῆς
216 1094 369 1152 λόγχης
410 1095 543 1150 ἀκμή·
575 1096 648 1137 καὶ
679 1094 747 1137 δεῖ
775 1103 862 1137 τῶν
894 1099 1118 1150 πτερύγων
1149 1094 1352 1150 ἑκατέραν
1383 1094 1710 1152 πλατυνομένην
1750 1099 1820 1139 καὶ

95 1167 345 1226 παχυτέραν
375 1162 510 1210 οὖσαν
541 1165 926 1209 ἄπολεπτύνεσθαί
958 1183 1002 1210 τε
1036 1169 1107 1209 καὶ
1139 1167 1503 1220 οἷποστενοῦσθαι,
1534 1170 1648 1210 κατὰ
1673 1171 1822 1225 μικρὸν

97 1237 414 1295 ὖπολήγουσαν,
454 1241 552 1295 ἄχρι
583 1241 688 1294 πρὸς
719 1242 798 1293 τὴν
829 1238 1040 1291 γλῶτταν.
1074 1240 1342 1289 ἐστομῶσθαι
1374 1238 1417 1281 δὲ
1448 1240 1498 1281 οὐ

98 1309 228 1367 μόνον
258 1314 336 1366 τὴν
367 1311 506 1365 οέκμὴν
537 1309 652 1353 ἀλλὰ
670 1312 740 1352 καὶ
757 1313 836 1360 τὰς
851 1310 1064 1366 πτέρυγας
1080 1311 1294 1366 χρήσιμον.
1310 1313 1416 1366 πρὸς
1429 1313 1505 1365 μὲν

23 1401 41 1419 <1
100 1379 179 1427 οὖν
210 1385 268 1426 τὰ
292 1381 410 1426 ἄλλα
444 1383 579 1438 θηρία
609 1383 723 1425 οὕτω
751 1381 816 1425 δεῖ
828 1386 1179 1438 παρεσκευάσθαι
1197 1385 1246 1424 τὸ
1263 1381 1504 1441 προβόλιον.

23 1472 29 1476 ’·
100 1457 206 1510 πρὸς
219 1453 264 1498 δε
282 1457 382 1504 τούς
399 1462 473 1504 σῦς
490 1456 603 1496 κατὰ
621 1456 669 1495 τὸ
687 1461 766 1496 τοῦ
784 1452 919 1496 αὐλοῦ
936 1452 1065 1507 τέλος,
1076 1456 1157 1510 πρὸ
1169 1462 1255 1498 τῶν
1267 1458 1506 1508 πτερύγων,

38 1568 39 1571 ,
102 1525 386 1576 κνώδοντας
403 1525 704 1581 ἀμφοτέρωθεν
722 1525 849 1581 ἐχέτω
867 1534 928 1583 τῷ
944 1525 1063 1583 αὐλῷ
1073 1524 1508 1582 συγκεχαλκευμένους

101 1597 274 1654 σιδήρου
285 1605 472 1653 στερεοῦ,
488 1597 752 1653 ἑκατέρωθεν
769 1596 1146 1655 προβεβλημένους,
1158 1598 1213 1646 ὡς
1223 1600 1279 1651 μὴ
1291 1601 1507 1652 προωθῶν

105 1672 241 1714 αὑτὸν
275 1672 361 1714 ὑπὸ
396 1673 543 1725 θυμοῦ
574 1671 646 1712 καὶ
675 1668 825 1724 μένους
855 1671 925 1711 καὶ
958 1668 1114 1724 τόλμης
1145 1670 1167 1710 ὁ
1198 1676 1272 1717 σῦς
1314 1669 1509 1723 ἀφίκοιτο

105 1740 180 1784 διὰ
211 1748 290 1784 τοῦ
321 1740 502 1796 δόρατος
536 1743 594 1790 εἷς
624 1742 701 1783 τὸν
722 1742 976 1796 ἄνθρωπον,
994 1740 1109 1783 ἀλλὰ
1131 1743 1202 1782 καὶ
1224 1742 1263 1783 οἱ
1279 1739 1510 1790 κνώδοντες

103 1815 302 1863 ἱστάντες
336 1815 475 1856 αὐτοῦ
491 1815 574 1867 τὴν
591 1814 722 1870 ὁρμὴν
746 1813 940 1869 ἐμποδὼν
963 1822 1018 1869 τῇ
1038 1815 1145 1870 ῥύμῃ
1168 1813 1357 1866 γένοιντο
1381 1815 1438 1861 εἷς
1459 1815 1509 1854 τὸ

101 1887 247 1942 πρόσω
271 1888 328 1941 μὴ
346 1889 593 1942 προχωρεῖν.
613 1885 821 1931 Priorem
839 1895 1009 1943 partem
1027 1897 1200 1941 eorum,
1218 1897 1332 1946 quae
1350 1884 1512 1929 Pollux
1544 1907 1714 1943 Monum.
1741 1902 1826 1939 den·

100 1957 294 2015 tradidit,
325 1969 384 2003 ex
414 1957 500 2003 alio
530 1955 653 2017 fonte
680 1957 836 2013 hausit,
868 1970 973 2015 pars
1004 1957 1141 2002 altera
1155 1959 1428 2012 παράφρασις
1443 1965 1510 2001 est
1543 1962 1828 2003 instit.arche01.

100 2030 297 2076 duorum
313 2029 516 2074 locorum
534 2028 1043 2086 Pseudo-Xenophontis
1063 2027 1329 2086 Cynegetici
1344 2027 1432 2086 (10.
1452 2025 1510 2085 3);
1602 2025 1678 2062 vol·
1704 2022 1770 2068 v1,

107 2104 166 2144 τοὶ
196 2100 240 2144 δὲ
270 2099 480 2159 προβόλια
508 2108 681 2156 πρῶτον
712 2103 786 2155 μὲν
819 2099 973 2156 λόγχας
999 2099 1155 2155 ἔχοντα
1171 2101 1220 2142 τὸ
1241 2102 1315 2154 μὲν
1331 2098 1509 2153 μέγεθος
1605 2085 1681 2122 tab.
1705 2084 1763 2119 ⁶8·

104 2171 518 2225 πεντεπαλαίστους,
573 2175 686 2215 κατὰ
726 2171 770 2215 δὲ
811 2171 934 2226 μέσον
976 2174 1050 2216 τὸν
1093 2170 1227 2215 αὐλὸν
1270 2170 1510 2219 κνώδοντας

27 2258 37 2288 3
102 2242 560 2300 ἅποκεχαλκευμένους,
589 2247 789 2296 στιφροϋς
818 2253 862 2288 et
892 2242 980 2302 (10.
1015 2242 1083 2302 16)
1114 2243 1171 2288 de
1202 2255 1335 2301 apro:
1368 2244 1394 2285 ὁ
1422 2241 1560 2286 δ’ὑπὸ
1591 2247 1670 2283 τοῦ
1684 2238 1831 2294 μένους

106 2317 269 2373 πρόεισι
312 2317 383 2358 καὶ
420 2317 457 2358 εἷ
494 2318 552 2370 μὴ
594 2314 797 2358 κωλύοιεν
829 2317 868 2357 οἱ
899 2314 1208 2364 κνώδοντες
1239 2323 1315 2369 τῆς
1345 2314 1511 2370 λόγχης,
1557 2311 1742 2366 ἀφίκοιτ’
1773 2312 1829 2351 ἂν
1891 2341 1895 2346 -

105 2386 183 2431 διὰ
213 2395 292 2443 τῆς
321 2386 483 2444 ραβδοῦ
512 2391 727 2443 προωθῶν
760 2389 894 2430 αὑτὸν
925 2389 1029 2442 πρὸς
1061 2389 1136 2429 τὸν
1169 2390 1218 2429 τὸ
1248 2385 1476 2444 προβόλιον
1510 2385 1677 2442 ἔχοντα.

170 2459 241 2505 Ex
303 2459 498 2505 Pollucis
558 2460 709 2504 verbis
754 2459 952 2515 laudatis,
1004 2472 1117 2516 quae
1166 2458 1383 2516 Meleagri
1427 2466 1570 2503 statua
1616 2467 1730 2514 quae
1767 2462 1832 2499 est

110 2530 310 2577 Berolini
355 2530 602 2586 confirmat,
649 2540 831 2588 apparet
876 2531 1074 2587 dentem,
1121 2531 1177 2576 de
1238 2543 1328 2588 quo
1378 2528 1581 2575 Grattius
1626 2527 1833 2584 loquitur,

111 2615 155 2648 v.
210 2602 291 2648 108
337 2602 442 2648 nihil
483 2603 600 2648 aliud
646 2615 746 2648 esse
791 2604 874 2648 nisi
914 2603 1131 2658 πτέρυγας
1172 2601 1406 2651 κνώδοντες
1444 2601 1562 2659 apud
1607 2598 1831 2645 Grattium

109 2685 270 2720 morae
316 2684 556 2721 vocantur:
602 2675 741 2731 proni
781 2675 1046 2720 moderatas
1091 2674 1294 2720 volneris
1325 2674 1443 2719 iram
1474 2677 1493 2726 s
1523 2682 1659 2717 omne
1690 2668 1833 2714 moris

24 2748 46 2799 ,Ῐ
110 2745 293 2802 excepit
337 2758 458 2792 onus
487 2767 547 2784 =
577 2756 620 2793 et
666 2748 776 2791 iram
823 2756 1038 2804 temperat
1086 2747 1342 2793 vulneratae
1383 2754 1426 2790 et
1458 2743 1665 2788 irruentis
1696 2741 1833 2795 ferae,

112 2818 239 2862 cuius
284 2830 418 2863 omne
449 2830 564 2863 onus
594 2819 798 2863 sustinuit
828 2831 908 2875 per
940 2830 1109 2874 moras;
1143 2818 1270 2863 vides
1304 2816 1465 2863 Grattii
1498 2815 1636 2861 verba
1668 2813 1834 2870 optime

114 2889 388 2947 respondere
434 2891 501 2946 iis,
548 2902 662 2948 quae
694 2889 768 2934 Ps.
803 2889 1055 2947 Xenophon
1099 2889 1162 2934 lO.
1203 2889 1255 2933 16
1286 2898 1448 2933 narrat.
1512 2885 1711 2931 Eandem
1745 2884 1834 2928 vim

115 2961 384 3006 vocabulum
422 2973 552 3006 mora
592 2961 710 3019 apud
749 2960 905 3006 Silium
948 2960 1143 3006 Italicum
1175 2960 1207 3005 1.
1242 2961 1330 3005 555
1362 2960 1517 3004 habet:
1549 2957 1619 3001 sic
1651 2956 1834 3000 Poenus

112 3042 418 3089 pressumque
470 3033 541 3077 ira
592 3033 734 3078 simul
790 3032 935 3089 exigit
975 3032 1050 3091 (=
1089 3032 1344 3089 transadigit
1386 3033 1430 3075 in
1470 3029 1615 3073 Murri
1653 3025 1835 3084 eorpus)

115 3113 274 3149 ensem
293 3109 314 3157 Ι
334 3116 427 3160 qua
448 3104 603 3160 capuli
622 3107 827 3149 statuere
842 3103 1058 3162 (voluere,
1076 3103 1339 3162 permisere)
1361 3112 1555 3148 morae.
1580 3097 1836 3148 Κνώδοντες

115 3175 249 3233 igitur
265 3176 383 3234 apud
406 3176 945 3234 Pseudo-Xenophontem
968 3176 1122 3221 dentes
1138 3188 1162 3221 e
1181 3175 1401 3221 venabulo
1419 3174 1639 3229 utrimque
1655 3171 1836 3226 exserti,
