2210 3568
938 297 989 342 31

617 439 670 487 3.,
725 427 802 474 De
836 427 1032 473 Grattii
1066 427 1322 475 fontibus·

78 559 107 619 3³5²ss
169 570 220 619 In
249 570 605 617 adnotationibus
635 572 691 616 ad
722 583 790 616 vs,
822 569 943 615 6—9
975 570 1178 616 Edwinio
1211 571 1431 617 Muellero
1462 571 1575 617 duce
1597 572 1832 618 docuimus

80 638 338 698 flantium
368 642 581 688 nonnulla
610 654 670 688 ex
702 641 958 687 Posidonio
989 644 1249 700 sumpsisse.

48 712 221 781 a¹¹·‘·-‘'51.·.1·;⁷1n
263 726 424 760 canum
470 714 671 772 catalogo
716 714 1030 771 componendo
1074 716 1338 772 scriptorem
1389 715 1618 761 Graecum
1666 715 1830 762 Grattii

44 782 363 845 sjgaxemplum
394 786 533 832 fuisse
562 787 792 844 ingeniose
823 787 1051 843 perspexit
1084 785 1470 832 Radermacherus
1504 787 1678 843 (Rhein.
1709 787 1830 833 Mus,

96 855 172 905 'm
212 870 257 916 p.
302 856 425 916 249),
470 858 547 916 qui
593 858 658 902 sic
703 858 1012 903 ratiocinatur:
1049 867 1392 912 „enumerantur
1423 871 1556 904 canes
1589 859 1655 903 hi:
1689 859 1829 916 Medi,

109 925 284 982 Celtae,
332 927 514 984 Geloni,
561 927 750 984 Persae,
797 927 957 984 Serae,
988 928 1237 984 Lycaones,
1276 929 1496 986 Hyrcani,
1533 930 1702 987 Umbri,
1735 931 1832 976 Bri-

107 1000 256 1055 tanni,
285 999 498 1056 Molossi,
518 999 810 1055 Athamanii,
828 999 1123 1056 Macedones,
1142 1000 1426 1056 Arcananes‚
1445 1001 1610 1046 Aetoli.
1630 1001 1831 1059 Sequun-

83 1127 84 1130 ,
103 1081 180 1118 tur
208 1071 265 1118 de
294 1073 488 1118 mixtura
517 1073 714 1130 gentium
747 1082 998 1130 praecepta,
1030 1073 1191 1117 deinde
1222 1084 1356 1118 canes
1386 1072 1546 1128 Siculi,
1580 1073 1829 1129 Sycambri,

104 1138 362 1200 manae,
393 1145 683 1200 metagontes
712 1155 827 1201 quos
857 1145 1051 1201 optimos
1081 1144 1255 1189 iudicat.
1290 1144 1417 1189 Patet
1447 1145 1578 1202 igitur
1593 1142 1846 1189 Asiaticos'

106 1209 279 1275 prunos
306 1215 542 1271 nominari,
574 1215 735 1261 deinde
767 1215 1053 1272 Europaeos.
1117 1214 1285 1260 Mirum
1319 1225 1466 1261 autem
1498 1216 1640 1260 videri
1672 1226 1831 1274 potest,

105 1287 226 1346 quod
270 1288 386 1332 inter
432 1285 598 1332 Medos
647 1285 943 1344 Gelonosque
993 1286 1148 1332 Celtae
1195 1296 1422 1345 ponuntur
1453 1300 1599 1344 neque
1632 1299 1751 1333 certe
1784 1288 1827 1332 id

29 1350 63 1413 jssf
105 1359 245 1405 moris
289 1357 598 1404 Romanorum
644 1367 725 1414 est,
769 1359 843 1415 qui
889 1360 953 1403 sic
1000 1359 1223 1416 appellare
1267 1357 1441 1404 Galliae
1472 1360 1617 1404 solent
1647 1360 1829 1405 incolas.

35 1430 74 1452 ὡ*
107 1428 208 1488 lpoe
251 1430 432 1488 quidem
481 1427 686 1476 Grattius
730 1431 864 1475 totius
895 1430 1202 1488 disputationis
1232 1443 1418 1475 acumen
1452 1432 1707 1488 percepisse
1739 1443 1829 1476 non

28 1500 74 1526 ‘²
105 1500 296 1558 videtur,
325 1501 537 1560 quoniam
569 1501 754 1546 eosdem
772 1498 906 1546 caries
922 1512 1076 1558 postea
1093 1502 1155 1558 (ν.
1180 1501 1279 1557 194)
1304 1500 1462 1546 Gallos
1474 1512 1618 1547 vocat.
1653 1503 1830 1562 Nempe

108 1583 242 1631 quem
277 1573 493 1631 sequitur,
524 1573 563 1618 is
593 1582 750 1618 auctor
780 1570 954 1621 Κέλτας
984 1570 1197 1621 Γαλάτας
1226 1572 1513 1628 intellexerat,
1548 1573 1681 1618 Asiae
1713 1574 1832 1619 habi-

102 1653 283 1702 tatores,
313 1657 374 1691 ex
407 1642 592 1690 Gallicis
623 1645 805 1689 canibus
837 1644 954 1689 idem
985 1645 1259 1701 produxerat
1292 1653 1401 1689 teste
1438 1643 1614 1689 Grattio
1646 1644 1830 1703 Sycam-

105 1716 212 1761 bros
258 1724 304 1761 et
348 1715 596 1762 vertrahas.
660 1715 812 1773 ltaque
858 1727 1016 1761 errore
1045 1727 1129 1760 suo
1164 1714 1367 1760 Grattius
1399 1718 1691 1772 convincitur,
1722 1717 1829 1762 dum

103 1798 164 1833 ex
197 1785 380 1834 Graeco
410 1787 590 1846 quidem
620 1785 742 1832 fonte
772 1786 931 1842 haurit,
963 1787 1043 1832 sed
1075 1787 1189 1832 male
1222 1787 1378 1832 haurit.
1446 1787 1565 1832 Hinc
1596 1789 1726 1846 igitur
1758 1789 1830 1833 illa

27 1858 50 1912 ἶ.
105 1857 231 1904 fluxit
277 1859 479 1905 doctrina
524 1871 658 1916 quam
705 1860 748 1903 in
796 1869 927 1916 poeta
973 1859 1106 1903 latino
1154 1861 1382 1914 miramur,
1429 1859 1829 1917 hincmetagontis

26 1923 36 1970 Τ
105 1942 284 1989 quoque
314 1942 495 1976 nomen.
527 1929 635 1975 Fuit
664 1933 821 1974 autem
855 1929 1060 1975 Graecus
1092 1930 1170 1975 ille
1199 1934 1362 1975 auctor
1378 1934 1487 1986 post
1512 1931 1827 1977 Alexandrum

104 2001 330 2060 Magnum
375 2003 478 2060 quia
524 2014 639 2060 quae
684 2003 741 2047 de
781 2014 892 2047 cane
935 2002 1086 2047 Indico
1120 2012 1282 2057 narrat,
1315 2014 1371 2046 ex
1405 2002 1551 2060 aliquo
1584 2002 1828 2049 Alexandri

25 2071 69 2127 ,ἶῖ
106 2073 264 2133 Magni
294 2074 579 2120 historiarum
610 2075 829 2131 scriptore
861 2075 1024 2131 petisse
1055 2074 1244 2119 videtur.
1279 2073 1388 2130 Fuit,
1407 2076 1489 2119 nisi
1511 2075 1652 2130 fallor,
1678 2073 1829 2132 Cyne-

28 2137 46 2191 ·‚³³
103 2147 351 2206 geticorum
381 2147 574 2204 scriptor
604 2146 783 2203 quidam
815 2146 973 2191 doctus
1006 2146 1380 2191 Alexandrinus”.

165 2217 649 2276 Pseudoxenophontis
698 2216 973 2273 Cynegetica
1023 2216 1200 2262 Grattio
1239 2217 1448 2274 exemplo
1480 2217 1616 2262 fuisse
1648 2219 1827 2275 putabat

107 2287 335 2335 Henricus
377 2287 591 2344 Schenkl,
633 2289 712 2334 sed
759 2288 1033 2333 demonstrat
1067 2303 1107 2334 v.
1141 2289 1184 2332 d.
1221 2287 1391 2333 Curcio
1422 2289 1610 2343 (Rivista
1641 2289 1684 2334 di
1703 2289 1824 2335 Filol.

107 2359 252 2407 class.
300 2359 463 2406 XXVI.
514 2374 557 2418 p.
604 2359 802 2419 55—69)
848 2372 1069 2417 nusquam
1116 2373 1334 2417 apparere
1381 2370 1558 2415 poetam
1607 2360 1824 2406 Faliscum

106 2433 331 2478 venatoris
365 2430 532 2478 Graeci
563 2432 724 2477 librum
755 2433 800 2476 in
831 2444 963 2476 suum
996 2445 1126 2476 usum
1159 2433 1448 2477 convertisse.

166 2501 292 2560 Quid
326 2501 529 2549 Grattius
561 2503 744 2562 Vergilii
778 2502 1014 2560 Georgicis
1040 2504 1211 2558 debeat,
1248 2516 1383 2561 supra
1404 2505 1821 2550 demonstravimus

44 2616 47 2625 ,
163 2573 254 2620 Sed
285 2575 384 2621 licet
414 2577 458 2620 in
492 2588 651 2620 canum
683 2575 884 2634 catalogo
916 2576 1152 2621 scribendo
1184 2588 1242 2620 ex
1278 2574 1459 2621 Graeco
1476 2576 1597 2621 sonte
1615 2577 1822 2632 hauserit,

96 2641 202 2692 'licet
245 2647 379 2697 etin
426 2647 520 2692 aliis
565 2648 773 2692 carminis
820 2649 889 2693 sui
934 2649 1132 2706 partibus
1187 2661 1246 2693 ex
1294 2649 1584 2705 scriptoribus
1634 2646 1823 2693 Graecis

18 2710 53 2757 ³.''
103 2719 332 2763 materiam
375 2731 503 2763 suam
549 2720 801 2776 sumpserit,
845 2729 990 2765 tamen
1023 2721 1185 2777 ubique
1217 2720 1486 2765 intermiscet
1519 2719 1733 2775 Romana,
1766 2718 1821 2763 cf.

25 2805 47 2853 'qs
106 2801 172 2834 vs.
224 2788 291 2845 18,
337 2791 412 2835 ubi
458 2790 663 2845 Faunus,
707 2803 772 2834 νε.
804 2790 865 2834 20
895 2792 970 2836 ubi
1001 2791 1223 2837 Silvanus
1255 2793 1532 2847 nominatur;
1564 2793 1626 2835 sic
1664 2791 1822 2835 Tusco-

28 2862 50 2915 ἓ]
105 2870 206 2904 ram
250 2872 464 2917 campum
501 2861 610 2918 (36),
650 2861 843 2907 Tiberim
876 2862 982 2922 (37),
1015 2863 1225 2911 Faliscos
1256 2863 1364 2920 (40),
1398 2863 1651 2907 Lucaniam
1683 2861 1821 2916 (120),

104 2930 336 2977 Altinates
366 2931 504 2990 (130),
536 2945 691 2978 canem
730 2933 944 2978 Umbrum
981 2934 1104 2992 (172)
1135 2945 1379 2990 memorat3
1412 2935 1474 2979 sic
1508 2947 1550 2978 v.
1582 2931 1821 2977 321—325

38 3018 43 3041 ι
106 3001 298 3048 Romam
343 3003 545 3048 laudibus
591 3005 781 3060 extollit;
830 3006 873 3049 in
917 3007 1231 3050 enumerandis
1263 3006 1626 3050 medicaminibus
1657 3004 1818 3048 scabiei

23 3111 39 3138 4.
104 3085 194 3118 non
219 3075 492 3119 obliviscitur
517 3075 668 3131 picem
689 3076 1207 3145 Hipponiam(416);sic
1232 3077 1595 3131 Vulcanispecus
1613 3073 1820 3119 Siculum

3 3143 31 3205 ‘33
104 3145 250 3190 multis
311 3146 707 3204 pulcherrimisque
770 3148 974 3193 versibus
1038 3147 1315 3204 (430-463)
1361 3148 1593 3201 describit;
1642 3158 1683 3190 ν.
1731 3145 1819 3189 474

103 3214 293 3273 legimus
330 3218 385 3262 de
432 3219 537 3263 vino
570 3218 800 3275 Massico;
833 3220 1025 3276 loquitur
1058 3220 1112 3264 de
1146 3219 1257 3265 festo
1293 3219 1462 3263 Dianae
1494 3217 1611 3274 quod
1646 3215 1822 3261 Ariciae
