2210 3568
1196 259 1255 304 86

434 387 534 433 284.
597 387 852 432 furorem:
887 388 1079 433 Ps-Xen.
1112 387 1287 446 Cyneg.
1306 389 1347 434 7.
1385 391 1398 434 1
1438 392 1462 444 ἡ
1494 393 1573 445 γὰρ
1605 392 1692 445 ὥρα
1723 391 1838 450 (ver)
1867 390 1968 448 πρὸς
1999 395 2074 442 τὰς

378 459 566 513 αὐξήσεις
608 467 691 502 τῶν
723 467 860 502 κυνῶν
891 460 1088 514 κρατίστη
1118 461 1250 515 αὕτη·
1283 462 1355 502 εἶσὶ
1391 460 1433 502 δὲ
1465 460 1650 515 τέτταρες
1682 465 1751 503 καὶ
1783 462 1884 505 δέκα
1914 462 2075 518 ἡμέραι,

374 531 421 574 ἐν
454 527 518 577 αἷς
550 547 574 583 η
607 529 824 584 ἀνάγκη
856 530 964 584 αὕτη
995 529 1081 586 ἔχει.

433 682 532 726 285.
596 684 796 726 custos:
827 685 889 727 sie
921 683 984 738 Α;
1017 683 1247 728 lectionem
1280 685 1478 729 traditam
1511 685 1764 729 Vollmerus
1794 696 1876 728 suo
1908 685 2077 743 optimov

372 754 468 797 iure
515 762 667 797 contra
717 753 911 797 Ellisium
944 754 1142 811 (castus)
1173 764 1215 799 et
1250 755 1584 800 Lachmannum
1617 754 1824 812 (fastus)
1855 755 2070 800 defendit:

378 825 440 877 „si
473 833 621 868 custos
654 823 861 868 feminam
893 825 1096 869 ita·tenet
1128 834 1173 869 ut
1204 826 1395 871 evadere
1432 827 1659 883 nequeat''.
1750 837 1753 841 ·

430 976 530 1021 286.
565 977 632 1020 da
660 974 895 1032 requiem
918 978 1194 1032 gravidae:
1212 979 1264 1023 cf.
1285 979 1477 1023 Ps-Xen.
1506 978 1678 1036 Cyneg.
1703 979 1742 1022 7.
1768 979 1782 1022 l
1810 974 2074 1022 σκυλακεύειν

372 1047 416 1089 δὲ
449 1049 583 1095 αὐτὰς
617 1049 840 1091 ἐπανίεντα
872 1056 954 1091 τῶν
985 1050 1126 1092 πόνων
1159 1057 1233 1090 τοῦ
1264 1058 1467 1105 χειμῶνος,
1497 1051 1567 1093 ἵνα
1600 1050 1764 1106 ἔχουσαι
1795 1052 1887 1110 τὴνἱ
1901 1049 2073 1106 ἡσυχίαν

372 1120 473 1173 πρὸς
506 1120 552 1159 τὸ
585 1117 659 1172 ἔαρ
692 1120 934 1170 ἐπάγωνται
966 1120 1089 1172 φύσιν
1120 1120 1327 1171 γενναίαν.

428 1269 529 1314 287.
564 1270 714 1314 oneri
744 1282 923 1325 super:
954 1292 1012 1307 =
1042 1282 1258 1328 superest,
1282 1272 1453 1327 sufficit,
1472 1274 1524 1317 cf.
1546 1273 1680 1331 Verg.
1703 1273 1871 1331 Georg.
1892 1273 1966 1319 111.
1991 1274 2072 1319 127

370 1341 560 1385 blando.
580 1376 589 1384 .
611 1376 619 1384 .
654 1353 900 1396 superesse
917 1342 1067 1386 labori
1075 1355 1091 1395 ;
1116 1341 1365 1387 Columella
1385 1344 1459 1388 1V.
1478 1344 1547 1388 27.
1566 1344 1595 1388 8
1612 1348 1659 1388 ut
1684 1344 1840 1388 Veneri
1854 1346 2070 1400 supersit.

431 1414 548 1456 tum
581 1413 797 1458 deinde:
829 1413 881 1457 cf,
916 1412 1091 1458 Terent.
1126 1413 1312 1471 Adelph.
1346 1414 1433 1458 345
1464 1418 1560 1459 tum
1587 1420 1839 1471 praeterea.

430 1566 531 1610 288.
596 1566 861 1610 indocilis:
906 1579 993 1611 non
1025 1568 1183 1611 idonea
1215 1568 1269 1611 ad
1303 1580 1415 1624 opus
1448 1571 1708 1624 venaticum,
1741 1570 1794 1614 cf.
1826 1570 1938 1614 inira
1970 1570 2069 1615 529.

431 1719 531 1763 289.
592 1720 806 1774 iamque
837 1719 960 1764 inde
993 1731 1276 1764 excernere
1309 1733 1531 1775 pravos:
1558 1734 1730 1777 pravos
1761 1723 1942 1780 pulchra
1960 1724 2070 1768 Bur-

374 1791 521 1834 manni
551 1791 798 1834 emendatio
831 1802 912 1846 pro
942 1802 1115 1845 parvos
1145 1790 1234 1848 (A),
1269 1804 1399 1847 quam
1432 1793 1499 1835 his
1531 1794 1678 1837 verbis
1703 1794 1917 1838 deFendit:
1945 1797 2069 1851 „quia

367 1860 619 1910 <Grattius>
665 1861 781 1904 addit
824 1861 930 1904 inde
974 1862 1016 1904 id
1060 1871 1126 1905 est
1172 1874 1228 1905 ex
1260 1863 1393 1906 turba
1427 1866 1638 1907 natorum
1669 1866 1742 1919 qui
1773 1877 1928 1909 omnes
1969 1875 2068 1910 sunt

367 1932 516 1986 parvi,
548 1932 711 1985 dubito,
733 1945 787 1975 an
806 1944 893 1975 non
913 1942 1101 1988 praestet
1118 1933 1263 1988 legere
1292 1933 1474 1988 iamque
1502 1934 1607 1977 inde
1633 1946 1870 1979 excernere
1885 1947 2066 1990 pravos

372 2001 542 2046 Confer
577 2002 763 2046 Varron.
801 2002 853 2057 11,
885 2003 927 2047 9.
968 2003 1017 2045 12
1051 2003 1097 2046 ἰη
1120 2004 1350 2047 nutricata
1371 2005 1620 2048 secundum
1637 2009 1836 2059 partum,
1857 2006 1903 2050 si
1911 2006 2079 2061 plures

369 2077 490 2128 sunt,
522 2073 682 2116 statim
727 2073 892 2128 eligere
936 2077 1113 2128 oportet
1144 2086 1259 2129 quos
1291 2075 1457 2117 habere
1488 2075 1616 2126 velis,
1649 2076 1847 2131 reliquos
1877 2077 2066 2121 abicere.

373 2143 521 2201 Quam
549 2144 861 2199 paucissimos
894 2145 1145 2199 reliqueris,
1172 2148 1269 2188 tam
1291 2145 1454 2200 optimi
1475 2146 1523 2188 in
1543 2146 1708 2190 alendo
1721 2146 1867 2203 fiunt,
1884 2151 2073 2203 propter

369 2215 548 2270 copiam
579 2215 738 2266 lactiS,'
774 2213 1035 2271 Geoponica
1058 2215 1174 2259 XIX.
1197 2215 1224 2263 ,7
1256 2217 1345 2268 ἅμα
1378 2216 1419 2257 δὲ
1452 2224 1509 2272 τῷ
1542 2221 1666 2259 τεκεῖν
1696 2221 1767 2272 χρὴ
1799 2218 2068 2273 οέπορῥιπτεῖν

373 2293 458 2326 τῶν
491 2284 712 2326 σκυλάκων
745 2288 840 2332 τούς
872 2287 1079 2337 ἀγενεῖς
1111 2289 1137 2338 ἦ
1169 2303 1217 2326 τι
1249 2295 1398 2334 σῒνος
1431 2285 1666 2342 ἔχοντας.

796 2438 870 2481 De
903 2426 1122 2491 opti'mis
1144 2440 1335 2483 catulis
1366 2440 1639 2495 eligendis.

427 2580 527 2623 290.
589 2580 788 2623 teneris
835 2580 929 2623 vix
975 2580 1183 2624 artibus
1230 2581 1466 2625 haeret..
1486 2614 1496 2624 .
1550 2582 1761 2636 iamque
1807 2595 1924 2638 eqs:
1962 2585 2065 2640 quid

370 2652 477 2695 haec
504 2651 659 2694 -verba
706 2650 945 2706 significent
991 2664 1079 2695 non
1128 2653 1238 2696 bene
1286 2653 1477 2709 intelligit
1529 2652 1709 2707 Curcio‚
1741 2656 1814 2709 qui
1845 2656 1906 2698 sic
1939 2657 2065 2699 vertit

374 2734 486 2775 „non
521 2721 649 2765 vuole
681 2730 770 2764 star
802 2721 957 2775 Fermo,
990 2724 1025 2766 si
1059 2723 1277 2777 muove'';
1312 2724 1569 2767 vertendum
1602 2733 1689 2767 est:
1728 2725 1788 2777 „is
1810 2725 1976 2769 catulus
1991 2728 2064 2781 qui

370 2787 520 2848 postea
553 2794 742 2848 optimus
773 2794 854 2835 erit
886 2803 1103 2848 pugnator
1135 2795 1211 2836 vix
1233 2803 1348 2837 stare
1372 2804 1513 2850 potest
1535 2796 1693 2838 teneris
1710 2796 1851 2839 adhuc
1869 2797 2062 2850 artubus,

371 2876 470 2907 cum
502 2865 586 2906 iam
619 2875 697 2906 sua
729 2875 829 2906 eum
864 2864 1137 2907 vehementia
1169 2866 1279 2907 inter
1310 2875 1480 2909 ceteros
1511 2865 1718 2909 extollit.“

427 3004 527 3048 291.
590 3005 678 3049 ille
708 3006 832 3048 tuos
864 3004 989 3047 olim
1022 3016 1130 3047 non
1163 3005 1459 3049 defecturus
1490 3007 1743 3051 honores:
1780 3020 1892 3060 „non
1923 3008 2063 3052 defec-

370 3084 492 3118 turus
525 3077 670 3118 munia
702 3076 756 3118 ad
789 3087 901 3131 quae
932 3075 1050 3117 illum
1085 3075 1379 3131 applicaturus
1409 3090 1469 3120 es.
1505 3075 1619 3120 Scite
1652 3090 1760 3121 vero
1792 3077 1986 3122 honores
2015 3088 2062 3122 ut

368 3147 411 3187 in
460 3146 680 3201 republica
713 3147 826 3199 dicit,
860 3158 960 3189 cum
993 3146 1154 3201 gradus
1185 3147 1269 3189 sint
1300 3147 1544 3191 officiorum
1576 3149 1686 3191 inter
1717 3149 1876 3192 canes”
1910 3148 2060 3193 Barth.
