2210 3568
1208 264 1268 309 20

387 397 801 442 luculentissimum:
835 406 1043 452 compara
1078 393 1138 440 G.
1173 394 1249 439 lV.
1283 394 1371 439 419
1401 395 1528 439 exesi
1559 396 1700 440 latere
1727 396 1776 441 in
1797 398 1966 443 montis
1987 410 2087 444 cum

386 471 608 523 ruptoque
637 478 663 510 e
689 470 870 522 pectore
902 465 1071 510 montis
1103 464 1245 523 (Cyn.
1277 466 1395 522 444),
1428 467 1502 511 ubi
1519 467 1556 510 si
1581 465 1780 511 Grattius
1797 479 1956 514 revera
1979 468 2090 514 Ver-

387 539 474 597 gilii
505 548 678 582 memor
708 546 788 591 est,
819 548 988 580 novum
1020 536 1136 580 haud
1168 536 1299 580 dubie
1330 535 1429 581 fecit
1462 549 1657 582 versum.

447 608 567 665 Lege
612 607 716 652 mihi
761 608 952 664 primum
999 607 1224 663 quomodo
1275 606 1474 652 Grattius
1519 619 1680 652 canem
1721 608 1936 654 describat
1969 609 2089 666 (269,

386 678 506 735 275),
553 678 724 733 deinde,
772 679 931 735 quibus
975 678 1123 723 verbis
1156 677 1286 722 Maro
1317 690 1479 735 equum
1511 691 1640 722 suum
1672 678 1889 737 depingat.
1954 679 2088 725 Haud

387 749 543 794 infitias
574 750 646 794 ibo
679 749 895 795 vocabula
926 748 1116 793 naribus
1146 748 1278 804 ignes
1307 759 1349 792 et
1381 749 1698 793 hirtaeaures
1727 759 1902 806 sumpta
1931 751 2088 796 essee

388 820 598 878 Vergilio,
629 820 707 865 sed
741 820 937 864 attendas
968 819 1100 864 velim
1133 831 1221 876 quo
1252 829 1460 864 contextu
1493 820 1716 876 legantur:
1750 820 2089 878 contactumque

377 890 589 948 fremens
617 890 760 935 volvit
789 890 874 934 sub
906 890 1095 934 naribus
1126 890 1290 946 ignem,
1322 892 1385 934 sic
1418 890 1662 948 Vergilius;
1691 891 1867 946 patulis
1886 891 2090 948 agitatos

387 962 576 1006 naribus
606 962 736 1017 ignes
765 966 786 1015 l
815 961 1018 1017 spirent:
1049 962 1157 1005 haec
1193 960 1407 1016 Grattius,
1439 974 1542 1006 ecce
1575 962 1721 1006 denuo
1754 974 1900 1007 novus
1930 975 2088 1008 versus

385 1035 509 1090 isque
540 1033 875 1090 pulcherrimus.
1408 1041 1410 1043 ’

447 1104 494 1148 ln
541 1104 696 1148 eadem
743 1105 845 1160 equi
890 1103 1185 1159 descriptione
1231 1102 1452 1160 Vergilius
1498 1105 1599 1160 equi
1638 1103 1902 1148 animosum
1928 1107 2090 1160 pectus

386 1176 601 1229 nominat;
649 1175 704 1218 ab
748 1174 815 1217 his
862 1173 1066 1218 versibus
1112 1171 1397 1229 proficiscens
1446 1171 1647 1218 Grattius
1678 1186 1834 1219 canem
1865 1187 1995 1219 suum
2026 1177 2089 1220 sic

386 1246 602 1302 depingit:
648 1244 820 1288 validis
864 1247 961 1288 tum
1005 1246 1166 1299 surgat
1191 1247 1353 1298 pectus
1399 1243 1458 1287 ab
1502 1243 1646 1288 armis
1691 1248 1711 1299 s
1742 1245 1864 1300 quod
1893 1256 2089 1302 magnos

384 1316 539 1371 capiat
569 1319 721 1360 motus
752 1315 1023 1370 magnisque
1053 1314 1265 1369 supersit.
1329 1315 1463 1359 Estne
1494 1316 1578 1359 hoc
1610 1316 1804 1360 imitari?

444 1386 776 1444 Saepenumero
802 1387 871 1431 vir
897 1386 1054 1430 doctus
1087 1385 1218 1430 ltalus
1250 1386 1430 1430 contulit
1461 1386 1596 1441 locos,
1630 1387 1703 1442 qui
1734 1399 1865 1443 quam
1897 1389 2089 1432 maxime

385 1459 497 1502 inter
528 1470 577 1502 se
609 1457 831 1502 differunt.
897 1455 1014 1512 Quis
1044 1458 1162 1500 enim
1193 1469 1386 1513 unquam
1420 1467 1646 1513 comparet
1678 1460 1723 1500 et
1742 1456 1871 1501 labor
1885 1461 1931 1502 et
1945 1458 2089 1502 durae

385 1528 506 1584 rapit
537 1528 830 1573 inclementia
861 1528 1021 1572 mortis
1052 1540 1152 1572 cum
1185 1528 1269 1572 hoc
1302 1540 1436 1572 versu
1463 1531 1559 1571 stat
1579 1529 1744 1572 Fatum
1764 1540 1908 1584 supra
1927 1531 2089 1574 totum-

386 1611 471 1654 que
502 1599 804 1643 avidissimus
836 1598 978 1643 Orcus
1007 1601 1029 1652 s
1052 1597 1264 1653 pascitur
1292 1598 1363 1642 vel
1393 1598 1523 1643 labor
1552 1598 1709 1643 omnia
1730 1598 1840 1643 vicit
1855 1599 2089 1655 improbus

386 1683 486 1714 cum
523 1669 683 1716 Grattii
715 1682 848 1714 versu
871 1680 1088 1724 magnum
1110 1680 1227 1724 opus
1248 1673 1292 1712 et
1312 1669 1443 1725 tangi
1463 1669 1555 1714 nisi
1571 1681 1680 1714 cura
1695 1670 1893 1715 vincitur
1922 1670 2089 1726 inpar?

390 1741 476 1795 An,
524 1742 643 1798 quod
690 1751 874 1797 uterque
905 1740 1119 1785 vincendi
1151 1741 1289 1785 verbo
1323 1742 1469 1795 utitur,
1505 1739 1704 1785 Grattius
1736 1751 1874 1786 totum
1906 1753 2087 1787 versum

386 1812 514 1856 debet
558 1811 791 1869 Vergilio?
853 1810 1036 1866 Quanto
1068 1811 1224 1855 melius
1262 1810 1485 1856 Henricus
1516 1810 1712 1855 Schenkl
1733 1813 1765 1867 ¹)
1799 1812 1868 1858 vir
1897 1812 1966 1857 ille
1990 1825 2088 1857 acu-

385 1884 576 1927 tissimus
617 1892 658 1926 et
699 1883 742 1925 in
775 1892 903 1939 poeta
935 1892 1088 1926 nostro
1120 1883 1475 1927 versatissimus:
1514 1882 1600 1936 „Er
1631 1882 1768 1927 kennt
1800 1883 1891 1927 und
1921 1883 2087 1928 schfitzt

384 1954 536 1998 seinen
579 1952 744 2009 Vergil,
792 1953 898 1997 aber
937 1965 987 1997 er
1019 1952 1148 1997 bleibt
1180 1953 1402 1997 dut-chaus
1433 1953 1698 2010 selbstandig
1727 1954 1818 1998 und
1849 1954 1928 1998 der
1958 1955 2096 2000 iiber--

384 2024 614 2081 machtige,
660 2024 765 2067 alles
811 2023 1125 2068 nivellierende
1172 2023 1362 2068 Einfluss
1408 2025 1487 2068 der
1527 2025 1785 2070 ovidischen
1821 2024 1982 2070 Poesie
2013 2024 2087 2070 hat

384 2095 458 2149 ibin
490 2095 605 2139 noch
638 2094 755 2138 nicht
786 2094 1009 2138 beriihrt”.
1314 2124 1316 2127 f

443 2164 742 2210 Transeamus
773 2176 889 2209 nunc
917 2164 971 2208 ad
994 2165 1073 2208 alia
1096 2177 1207 2221 quae
1230 2164 1505 2210 Pierleonius
1525 2167 1568 2209 in
1595 2164 1769 2211 Grattio
1791 2166 2084 2223 reprehendit.

448 2234 597 2292 „Ogni
629 2247 707 2279 sua
739 2236 1013 2280 attenzione’'
1044 2233 1180 2292 inquit
1210 2236 1280 2280 ille
1315 2237 1365 2290 „e
1398 2236 1554 2282 rivolta
1586 2249 1610 2280 a
1641 2238 1842 2281 rivestire
1872 2238 2087 2282 iconcetti

382 2331 441 2337 -—-
472 2307 569 2350 suoi
601 2317 628 2350 o
660 2305 802 2350 d’altri
831 2331 890 2337 —-
921 2306 1031 2350 della
1065 2307 1237 2363 miglior
1269 2306 1412 2351 forma
1444 2308 1621 2352 metrica
1653 2307 1734 2352 che
1765 2308 1822 2365 gli
1852 2309 1915 2352 sia
1946 2309 2086 2364 possi·

384 2376 490 2431 bile;
543 2376 625 2420 che
676 2385 827 2433 questa
879 2378 952 2433 poi
999 2378 1135 2421 renda
1181 2387 1380 2422 contorta
1426 2377 1736 2434 l‘espressione
1781 2391 1806 2423 e
1852 2390 2014 2423 oscuro
2057 2378 2087 2422 il

383 2448 604 2504 pensiero,
636 2459 751 2503 poco
782 2447 1014 2504 importa.’'
1048 2448 1187 2493 Paulo
1219 2458 1317 2505 post
1339 2449 1457 2492 addit
1477 2460 1661 2502 „oscura
1683 2450 1805 2493 eirta
1822 2449 1864 2492 di
1882 2449 2085 2494 difficolt&

383 2519 408 2561 ὲ
454 2518 764 2574 l’espressione
810 2519 949 2562 anche
981 2519 1098 2563 dove
1129 2518 1167 2562 la
1201 2520 1380 2563 materia
1412 2520 1436 2562 e
1468 2519 1593 2563 facile
1623 2519 1678 2563 ed
1710 2520 1895 2574 ovvia;’'
1928 2519 2086 2570 deinde

383 2598 429 2632 ut
460 2590 712 2645 opinionem
746 2588 989 2644 confirmet,
1020 2589 1148 2633 nobis
1180 2590 1296 2633 hunc
1328 2589 1472 2633 locum
1506 2589 1715 2634 ostendit:

441 2658 499 2703 25
531 2660 671 2715 prima
702 2659 850 2703 iubent
880 2660 998 2703 tenui
1031 2669 1281 2703 nascentem
1314 2662 1495 2716 iungere
1526 2660 1598 2704 filo

442 2729 501 2773 26
531 2730 711 2774 limbum
743 2739 786 2774 et
817 2730 1111 2786 quadruplicis
1143 2739 1362 2775 tormento
1393 2731 1665 2787 adstringere
1693 2730 1864 2776 limbos.

439 2800 497 2844 27
528 2800 598 2844 illa
629 2812 815 2856 operum
847 2802 1027 2857 patiens,
1059 2800 1129 2844 illa
1161 2813 1267 2845 usus
1298 2802 1412 2845 linea
1443 2801 1573 2858 longi.

440 2871 500 2915 28
530 2880 631 2915 tunc
662 2872 805 2927 ipsum
838 2872 984 2916 medio
1016 2884 1187 2916 cassem
1219 2885 1308 2929 quo
1340 2873 1532 2917 nascitur
1563 2883 1642 2916 ore

440 2941 500 2985 29
530 2954 610 2998 per
640 2953 774 2986 senos
802 2942 967 2986 circum
1000 2954 1139 2998 usque
1169 2944 1290 2987 sinus
1321 2943 1542 2999 laqueabis
1573 2952 1618 2986 ut
1649 2944 1769 2986 omni

441 3012 499 3056 30
529 3013 742 3069 concipiat
773 3021 897 3068 tergo
928 3014 964 3056 si
996 3014 1225 3068 quisquam
1257 3024 1322 3058 est
1353 3014 1565 3070 plurimus
1597 3014 1746 3058 hostis.

431 3166 458 3211 ¹)
485 3166 541 3202 Zu
571 3167 743 3202 Grattius
771 3176 804 3210 p.
829 3167 911 3201 425.
