2210 3568
971 193 1056 238 113

135 328 139 332 “
155 323 482 373 Acarnaniam
522 335 664 369 unum
706 327 925 381 argenteo
962 324 1126 376 colore,
1164 324 1359 370 alterum
1398 336 1554 371 aureo.
1609 324 1878 382 Coquuntur

147 396 283 444 varie
311 395 372 442 ab
406 395 724 441 aliisiterum
739 396 966 452 tertioque
987 396 1037 440 in
1057 396 1202 452 melle,
1224 397 1368 442 donec
1383 400 1684 442 consumatur
1695 397 1872 454 liquor:

126 467 128 469 ’
147 469 213 515 ab
241 467 356 514 aliis
383 472 546 525 pruna
572 467 722 523 prius,
756 467 867 512 dein
894 467 1040 520 melle,
1066 470 1111 511 et
1122 471 1289 523 postea
1305 468 1534 521 lavantur,
1552 471 1601 513 ut
1615 479 1713 513 aes.
1750 469 1873 515 Usus

149 538 375 586 eorumin
390 537 622 584 medicina
632 538 933 596 excalfacere,
943 538 1133 591 siccare,
1141 539 1382 592 discutere,
1395 551 1599 585 umorem
1608 542 1871 595 extenuare,

50 632 59 671 3.
69 603 76 639 3
95 617 98 620 ’
150 610 356 657 duritias
377 609 553 655 nimias
568 609 759 654 mollire.
777 609 979 655 Utuntur
990 613 1037 653 et
1051 610 1207 654 crudis
1222 611 1432 667 tusisque
1447 611 1725 656 adstrumas
1734 614 1872 667 atque

138 678 435 739 Ῑειηιηαιὶοε.
488 678 829 734 pyritarum
865 677 1204 722 etiamnum
1244 679 1441 735 aliqui
1472 691 1660 736 genus
1700 694 1871 727 unum

57 783 69 807 ,
138 748 387 810 faciunt
427 747 741 806 plurimum
781 745 1009 791 habens
1046 746 1206 802 ignis
1243 758 1390 803 quos
1420 749 1580 794 vivos
1609 750 1871 806 appella—

57 809 71 820 ”
153 833 289 878 mus,
350 824 397 866 et
453 818 844 878 ponderosissimi
894 821 1022 863 sunt.
1098 818 1163 862 Hi
1213 819 1578 874 exploratoribus
1618 824 1872 867 castrorum

152 892 356 939 maxime
388 890 646 937 necessarii
676 890 757 946 qui
788 890 920 935 clavo
949 889 1023 934 vel
1054 890 1201 934 altero
1230 890 1387 946 lapide
1413 892 1625 947 percussi
1643 893 1873 938 scintillas

147 964 319 1010 edurat:
352 974 474 1020 quae
505 966 724 1019 exceptae
753 962 975 1019 sulphure
1004 965 1087 1006 aut
1109 960 1282 1018 fungis
1311 962 1462 1006 aridis
1491 963 1564 1007 vel
1585 961 1728 1020 foliis
1748 965 1871 1010 dicto

148 1034 348 1082 celerius
380 1035 534 1092 ignem
563 1034 767 1079 trahunt.

209 1106 540 1153 mentensia.
562 1141 571 1150 .
591 1139 601 1150 .
620 1140 631 1151 .
670 1110 690 1158 Ι
721 1103 946 1149 curalia:
989 1104 1044 1149 de
1089 1104 1256 1149 curalio
1298 1104 1484 1162 legimus
1515 1106 1632 1164 apud
1664 1106 1870 1162 Plinium,

156 1178 219 1226 H.
253 1177 314 1225 Ν.
352 1177 536 1224 ΧΧΧΠ.
566 1177 626 1222 23
657 1177 913 1223 auctoritas
943 1176 1188 1221 baccarum
1217 1177 1321 1221 'eius
1354 1188 1449 1221 non
1479 1177 1634 1222 minus
1655 1177 1870 1223 Indorum

147 1250 294 1297 viris*
317 1261 500 1307 quoque
526 1250 738 1307 pretiosa
767 1252 852 1304 est,
884 1260 1024 1305 quam
1046 1247 1249 1306 feminis
1279 1248 1452 1293 nostris
1484 1249 1679 1294 uniones
1709 1249 1868 1295 Indici.

154 1321 529 1379 Haruspices
558 1332 756 1367 eorum
784 1323 1082 1376 vatesque
1114 1320 1172 1364 in
1199 1320 1413 1376 primis
1443 1321 1782 1377 religiosum
1814 1321 1871 1366 id

144 1397 467 1452 gestamen
497 1392 855 1438 amoliendis
882 1391 1178 1448 periculis
1209 1391 1586 1437 arbitrantur.
1635 1393 1796 1449 Itaque
1826 1397 1870 1437 et

155 1465 318 1512 decore
363 1467 410 1510 et
456 1464 679 1521 religione
720 1463 942 1520 gaudent.
1005 1462 1284 1519 Priusquam
1330 1462 1415 1508 hoc
1449 1467 1713 1520 notesceret,
1748 1463 1872 1510 Galli

148 1535 340 1593 gladios
392 1539 528 1582 scuta
569 1536 735 1592 galeas
781 1535 1073 1580 adornabant
1112 1546 1186 1579 seo.
1248 1535 1383 1580 Nunc
1412 1538 1546 1580 tanta
1570 1536 1770 1592 penuria
1799 1539 1870 1580 est

153 1607 380 1654 vendibili
409 1619 573 1661 merce,
605 1611 652 1652 ut
680 1618 906 1663 perquam
937 1617 1043 1651 raro
1073 1609 1290 1651 cernatur
1308 1606 1357 1650 in
1376 1618 1464 1651 suo
1483 1606 1602 1652 orbe.
1636 1606 1772 1652 Surc
1785 1607 1842 1652 ul
1854 1608 1870 1651 i

152 1678 475 1738 infantiae
507 1678 837 1736 adalligati
866 1678 1113 1723 tutelam
1143 1677 1360 1723 habere
1390 1678 1720 1724 creduntur.

213 1749 519 1799 Conseruntur
562 1752 694 1797 etiam
740 1751 912 1792 Λιθικά
959 1748 1182 1808 (Orphica
1228 1761 1317 1794 rec.
1366 1749 1493 1805 Abel,
1543 1748 1654 1794 1885
1685 1763 1727 1807 p.
1767 1749 1865 1805 129)

147 1822 390 1869 588—593
419 1822 478 1869 de
506 1822 750 1869 curulibus:

327 1925 330 1928 ι
368 1895 571 1951 φάρμακα
602 1893 640 1937 δ’
671 1895 772 1937 ὅσσα
802 1892 1007 1938 πέλονται
1038 1891 1271 1936 ἀτάσθαλα
1302 1895 1373 1935 καὶ
1404 1892 1652 1946 κατάδεσμοι

339 1967 466 2023 „bocci
494 1966 534 2009 τ’
563 1967 873 2021 ἀγνάμπτοισιν
904 1965 1123 2021 Ἐριννιίσι
1152 1966 1297 2021 πάγχυ
1327 1963 1541 2019 μέλουσαι,

363 2038 443 2081 εἴτε
470 2039 600 2094 μύσος
630 2038 800 2082 κεύθων
831 2037 1081 2092 οἰκοφθόρον
1110 2037 1186 2079 οὐκ
1215 2037 1380 2091 ἐνόησεν

360 2110 484 2166 ἀνήρ,
514 2109 598 2152 εἴθ’
621 2111 705 2152 ,ὅσα
737 2107 890 2164 λύματ’
919 2109 990 2151 ἐπὶ
1018 2109 1159 2162 σφίσιν
1189 2107 1256 2161 ἠδ’
1286 2107 1486 2156 ἐπαοιδάς

368 2179 549 2238 σχέτλιοι
580 2179 799 2236 ἀλλήλοισι
828 2181 1090 2235 μεγαίροντες
1119 2178 1304 2222 τελέουσι

364 2254 544 2297 πάντων
574 2251 824 2309 ἀντίλυτρον
854 2251 966 2306 δήεις
997 2251 1318 2307 κρατερώτατον
1348 2248 1468 2294 εἶναι.

208 2383 312 2430 405.
373 2386 428 2430 et
484 2384 712 2441 magicis
757 2383 973 2428 adlatas
1015 2383 1264 2429 cantibus
1294 2383 1516 2428 herbas:
1550 2382 1780 2436 „homines
1810 2407 1866 2413 —

146 2457 288 2514 inquit
335 2454 388 2502 G.
438 2455 777 2512 Kropatscheck
822 2455 942 2511 (loco
987 2455 1103 2500 laud.
1151 2469 1194 2513 p.
1241 2454 1316 2513 41)
1366 2477 1427 2488 -
1472 2466 1573 2500 cum
1607 2454 1866 2499 morborum

149 2528 307 2572 causas
354 2528 578 2585 ignorent,
625 2528 668 2572 in
715 2525 1073 2585 superstititmem
1105 2527 1347 2571 incidentes
1379 2526 1595 2583 malignos
1625 2525 1866 2569 daemones

153 2599 414 2645 morborum
444 2611 605 2645 causas
635 2611 736 2644 esse
767 2607 933 2657 putant,
964 2611 1078 2656 quos
1110 2611 1242 2643 nemo
1283 2599 1368 2642 nisi
1414 2598 1523 2642 alius
1568 2597 1758 2642 daemon
1796 2595 1866 2640 vel

152 2670 264 2717 deus
309 2670 534 2729 depellere
574 2679 732 2728 potest.
782 2669 933 2728 Itaque
975 2671 1190 2716 medicina
1222 2669 1449 2728 popularis
1480 2668 1613 2713 multa
1645 2679 1867 2712 commen-

148 2741 226 2788 dat
254 2734 491 2800 praecepta
521 2751 564 2787 et
597 2742 915 2787 medicamenta
956 2742 1259 2799 superstitiosa
1291 2750 1421 2797 atque
1451 2752 1552 2785 cum
1585 2750 1742 2784 omnes
1772 2737 1865 2783 fere

150 2812 316 2859 herbae
361 2815 634 2871 arboresque
681 2823 904 2871 tamquam
948 2814 1018 2858 dei
1049 2814 1305 2867 adorentur,
1337 2813 1524 2857 deorum
1554 2812 1651 2856 vice
1681 2809 1866 2866 fungan—

149 2893 234 2939 tur,
269 2885 365 2930 deis
396 2885 467 2930 vel
498 2886 790 2931 daemonibus
820 2885 1082 2942 quibusdam
1110 2897 1264 2930 sacrae
1280 2885 1378 2938 sint,
1409 2885 1447 2938 ¹)
1476 2883 1691 2938 imprimis
1708 2881 1864 2937 plantis

196 3003 227 3047 ι)
249 3005 298 3041 ei.
326 3007 421 3043 Ptin.
451 3005 533 3042 xli.
556 3006 601 3050 33
628 3007 671 3043 Κ.
699 3006 925 3049 Boetticher,
952 3005 1026 3040 Der
1055 3004 1310 3041 Baumkultus
1333 3003 1400 3038 der
1428 3002 1622 3045 Hellenen,
1638 3000 1863 3044 Berl.1856;

152 3066 400 3109 Mannhardt,
426 3064 569 3100 Antike
597 3065 719 3100 Wald-
743 3064 818 3099 und
846 3063 1053 3108 Feldkulte,
1083 3065 1193 3108 18773
1221 3064 1421 3105 Overbeck,
1449 3061 1532 3095 Ber.
1557 3060 1591 3094 d.
1618 3060 1742 3094 sichs.
1770 3058 1864 3094 Ges.

149 3123 189 3159 d.
218 3123 332 3160 Wiss.
361 3125 463 3169 1864,
495 3125 701 3170 128-1403
730 3124 893 3170 Gruppe,
919 3122 1072 3159 Griech.
1099 3122 1330 3168 mythologie
1355 3119 1591 3165 p-779—92;
1618 3121 1733 3162 Murr,
1749 3118 1864 3153 Pflan·

275 3188 328 3234 11.
1654 3182 1684 3228 8
