2210 3568
1240 245 1322 290 100

1159 299 1184 314 N

1006 375 1081 421 De
1112 375 1314 420 morbis
1343 346 1555 420 eanum.

1060 513 1135 563 De
1166 516 1493 561 vulneribus.

481 660 584 706 344.
645 661 777 705 haec
810 661 906 704 tua
939 658 1131 704 militia
1172 660 1280 704 est:
1310 667 1429 702 recte
1460 657 1650 714 explicat
1684 657 1980 711 Burmannus,
2012 669 2124 714 quae
2203 643 2207 685 ’ἶ

422 732 582 776 horum
630 732 871 776 verborum
917 732 972 775 sit
1018 731 1253 775 sententia:
1302 730 1411 782 „hoe
1458 741 1571 785 opus
1602 737 1724 772 tuum
1755 736 1834 781 est,
1865 728 1948 772 hae
1978 737 2125 785 partes
2189 728 2193 733 ’

423 815 537 859 quae
583 803 756 857 cures'’‚
799 801 854 846 cf.
891 800 1028 846 Ovid.
1064 800 1163 845 Fast
1195 800 1249 844 11.
1281 799 1311 843 9
1341 799 1455 844 haec
1485 811 1588 843 mea
1619 798 1787 843 militia
1815 801 1898 854 est,
1921 796 2126 856 ferimus

422 885 541 930 quae
591 884 843 930 possumus
896 883 1041 927 arma,
1073 877 1091 925 s
1123 872 1375 927 dextraque
1420 882 1513 915 non
1557 869 1683 915 omni
1734 880 1920 914 munere
1964 871 2125 914 nostra

422 947 570 989 vacat.
620 944 780 989 Iniuria
813 943 1073 987 Burmanno
1107 943 1358 999 obloquitur
1391 941 1592 986 Sternius
1622 942 1696 998 qui
1726 939 1964 997 ipsemale
1993 941 2126 984 inter-

424 1024 619 1072 pretatur
672 1015 908 1069 „hactenus
958 1014 1013 1058 de
1065 1013 1211 1057 militia
1263 1025 1422 1057 canum
1467 1022 1510 1057 et
1556 1013 1790 1058 venatione
1833 1020 1978 1056 actum
2017 1011 2127 1055 est‘'.

428 1082 600 1128 Confer
644 1092 687 1127 et
727 1082 917 1126 Plinium
948 1081 1003 1126 X.
1034 1080 1093 1125 94
1124 1082 1179 1126 de
1210 1082 1493 1125 hirundinum
1524 1081 1674 1124 labore
1704 1081 1748 1124 in
1780 1079 1892 1123 nidis
1916 1078 2126 1124 faciendis

427 1156 573 1210 eaque
604 1153 772 1198 militia
804 1153 898 1198 illis
929 1164 1031 1197 cum
1061 1164 1186 1197 anno
1217 1151 1336 1196 redit
1367 1162 1558 1206 semper.

485 1224 612 1280 quin
644 1225 719 1269 et:
757 1224 860 1278 „sed
893 1221 1197 1282 praesertim”.

482 1365 584 1410 345.
645 1365 879 1410 errantis
911 1376 1005 1419 per
1035 1365 1118 1408 tot
1139 1363 1370 1408 divertia
1390 1365 1629 1408 morbos:
1661 1363 1774 1407 male
1807 1363 1934 1407 vertit
1958 1360 2125 1406 Curcio

431 1448 539 1494 „per
569 1436 804 1494 molteplici
839 1448 865 1480 e
896 1435 1061 1481 diversi
1093 1435 1304 1479 accidenti
1335 1435 1379 1478 di
1409 1434 1619 1492 guerra’';
1652 1442 1775 1479 verte
1810 1441 1898 1487 „tot
1928 1433 2012 1477 viis
2041 1431 2126 1476 huc

425 1508 524 1552 illuc
555 1520 636 1564 per
666 1519 857 1564 corpora
887 1515 1085 1550 errantes
1116 1515 1158 1550 et
1190 1506 1377 1550 diversis
1408 1505 1515 1550 locis
1531 1502 2126 1562 prorumpentes”,dive1tia

427 1599 482 1616 =
513 1578 618 1623 viae
650 1579 699 1623 in
728 1578 913 1622 diversa
943 1577 1195 1632 tendentes,
1238 1585 1283 1620 ut
1316 1575 1501 1621 Servius
1533 1575 1588 1620 ad
1619 1575 1800 1633 Vergilii
1832 1574 2015 1620 Aeneid.
2049 1573 2125 1619 IX.

426 1648 529 1694 379.
592 1648 663 1693 De
693 1648 836 1693 forma
868 1648 1065 1693 divertia
1095 1648 1183 1691 vid.
1217 1656 1476 1704 apparatum
1507 1647 1717 1691 criticum.

484 1789 585 1834 346.
646 1801 967 1845 causasque:
998 1789 1052 1834 cf.
1087 1789 1221 1846 Verg.
1258 1787 1427 1844 Georg.
1463 1786 1523 1831 111
1555 1786 1643 1831 440
1673 1787 1928 1832 morborum
1949 1798 2126 1842 quoque

425 1865 472 1905 te
501 1872 565 1905 ca
583 1873 719 1904 usas
748 1864 794 1905 et
822 1858 960 1916 s'igna
991 1860 1173 1911 docebo,
1209 1859 1401 1903 Varron.
1426 1858 1478 1902 11.
1508 1859 1543 1902 l.
1566 1857 1637 1901 21.
1663 1857 2124 1902 animadvertendum

427 1944 545 1988 quae
574 1932 794 1987 cuiusque
825 1931 968 1976 morbi
997 1931 1061 1975 sit
1091 1942 1250 1984 causa,
1286 1941 1493 1985 quaeque
1522 1929 1659 1984 signa
1690 1939 1848 1972 earum
1878 1939 2124 1973 causarum

426 2003 534 2059 sint,
567 2014 687 2058 quae
717 2014 939 2058 quemque
970 2002 1173 2046 morbum
1205 2001 1382 2046 curatio
1411 2000 1544 2056 sequi
1575 2000 1752 2044 debeat.

486 2073 645 2118 tueri:
703 2085 795 2118 vox
809 2074 1114 2118 —medicorum
1161 2093 1217 2110 =
1264 2083 1450 2126 sanare,
1495 2071 1549 2115 cf.
1599 2069 1686 2114 478
1731 2073 1813 2114 aut
1859 2049 2126 2114 incurvatae

426 2145 610 2200 siquast
639 2144 837 2188 tutela
864 2144 1113 2200 podagrae

485 2285 586 2331 347.
649 2287 761 2330 stat
811 2286 1003 2329 Fatum
1051 2297 1234 2340 supra:
1268 2305 1324 2322 =
1358 2284 1576 2339 imminet,
1623 2284 1678 2328 cf.
1725 2282 1860 2339 Verg.
1903 2281 2014 2326 Aen.
2047 2280 2124 2326 111.

436 2356 516 2400 194
547 2359 644 2400 tum
675 2356 789 2400 mihi
819 2357 1056 2400 caeruleus
1087 2368 1231 2411 supra
1262 2358 1400 2411 caput
1429 2355 1610 2399 adstitit
1643 2353 1819 2398 imbers

487 2428 784 2482 totumque:
832 2430 878 2468 τὸ
909 2436 1009 2479 πᾶν,
1042 2427 1096 2471 cf.
1133 2426 1292 2471 Catull.
1340 2426 1368 2470 3
1399 2426 1550 2471 malae
1579 2424 1792 2469 tenebrae
1821 2427 1840 2478 l
1873 2422 1976 2469 Orci
2006 2433 2124 2478 quae

432 2498 590 2542 omnia
621 2497 739 2542 bella
770 2497 1016 2542 devoratis.

489 2567 680 2612 Orcus:
738 2568 879 2623 Mors,
921 2568 975 2612 cf.
1029 2568 1184 2612 Horat.
1218 2570 1342 2625 epist.
1380 2567 1434 2613 11.
1466 2568 1507 2612 2.
1547 2567 1628 2612 178
1661 2565 1803 2612 orcas
1835 2564 1962 2609 metit
1988 2575 2125 2619 gran-

430 2640 511 2684 dia
541 2650 642 2684 cum
668 2639 854 2695 parvi-53
882 2638 1029 2691 εἈιδης
1058 2637 1325 2693 πολυδέκτης,
1358 2638 1602 2686 πανδοκεύς.

490 2710 592 2754 348.
624 2709 792 2765 nigris
824 2712 1005 2754 orbem
1024 2709 1383 2753 circumsonat
1401 2709 1524 2752 alis:
1542 2708 1594 2753 cf.
1616 2707 1774 2751 Horat.
1792 2705 1920 2750 Satir.
1939 2704 1993 2749 11.
2016 2706 2051 2748 l.
2067 2704 2124 2748 58

432 2792 554 2824 mors
585 2780 701 2824 atris
731 2780 1021 2824 circumvolat
1037 2780 1128 2823 alis
1145 2781 1220 2835 (sc.
1240 2779 1341 2838 me),
1359 2789 1401 2824 et
1420 2779 1583 2836 Vergil.
1604 2778 1714 2822 Aen.
1733 2776 1811 2821 VI.
1828 2775 1917 2820 866
1931 2775 2014 2819 sed
2032 2786 2125 2819 nox

431 2854 536 2895 atra
581 2854 718 2907 caput
747 2850 870 2894 tristi
902 2850 1194 2894 circumvolat
1227 2851 1398 2894 umbra.
1435 2849 1497 2894 Hi
1529 2859 1617 2894 tres
1649 2858 1804 2905 poetae
1835 2846 2122 2902 antiquiorem

431 2928 605 2975 poetam
636 2919 773 2963 secuti
803 2930 902 2962 esse
934 2918 1150 2961 videntur.
1215 2917 1387 2962 Confer
1416 2919 1544 2962 etiam
1586 2917 1743 2961 Horat.
1778 2916 1932 2961 Carm.
1966 2915 2020 2959 11.
2058 2915 2122 2958 17.

432 2989 490 3032 24
535 2989 821 3044 volucrisque
858 2986 959 3044 fati
1004 2988 1205 3031 tardavit
1252 2989 1368 3044 alas,
1405 2989 1554 3045 Eurip.
1588 2987 1749 3032 Alcest.
1781 2987 1882 3031 262.
1915 2988 2123 3040 πτερωτὸς

427 3059 590 3111 Ἅιδας,
640 3060 842 3115 Lessing,
891 3057 990 3102 Wie
1035 3059 1104 3101 die
1153 3058 1281 3102 Alten
1329 3060 1414 3103 den
1463 3058 1561 3103 Tod
1591 3058 1792 3115 gebildet,
1826 3057 2037 3120 poering,
2068 3056 2123 3100 de

431 3131 552 3174 alatis
583 3130 844 3187 imaginibus
876 3140 1090 3183 veterum,
1126 3128 1294 3186 Opusc.
1328 3143 1370 3186 p.
1403 3130 1473 3174 75.
