2210 3568
1214 271 1274 315 24

443 401 551 446 213.
622 402 700 446 sed
734 402 923 458 primurn
956 401 1071 444 celsa
1103 401 1246 444 lorum
1279 402 1454 446 cervice
1485 400 1713 454 ferentem,

626 471 879 528 Glympiee,
913 481 955 515 te
986 472 1109 515 silvis
1139 473 1227 528 egit
1259 471 1472 516 Boeotius
1508 470 1717 528 Hagnon,

626 542 820 599 Hagnon
854 542 1093 598 Astylides,
1129 542 1322 599 Hagnon
1355 554 1486 598 quem
1519 542 1706 598 plurima
1736 555 1913 600 semper

622 615 759 670 gratia
790 625 870 669 per
901 623 1079 657 nostros
1110 626 1246 656 unum
1278 614 1505 658 testabitur
1535 624 1656 657 usus.

444 683 534 729 Sed
570 694 612 728 et
643 693 788 728 cetera
828 683 1030 739 exempla
1062 692 1104 728 et
1135 683 1220 727 hoc
1251 684 1367 728 idem
1399 683 1558 728 docent
1593 681 1816 728 Grattium
1848 685 1951 729 artis
1981 696 2091 730 suae

382 757 639 799 inventores
694 754 974 810 fautoresque
1021 766 1193 797 summa
1239 754 1367 798 laude
1413 754 1570 810 dignos
1616 754 1792 809 habere,
1831 755 1979 812 ‘idque
2030 755 2093 800 ob

384 826 497 870 hanc
529 837 705 869 causam
737 825 856 880 quod
887 825 1027 880 ipsam
1060 833 1198 869 artem
1231 825 1422 869 venandi
1453 826 1559 868 tanti
1590 826 1801 869 aestimat.

446 966 516 1010 De
548 966 752 1010 versibus
784 965 1020 1015 310—325
1052 966 1371 1022 disputabimus
1402 967 1444 1010 in
1478 967 1807 1011 commentario.

445 1107 681 1152 Postremo
727 1106 1003 1152 Pierleonius
1038 1104 1224 1151 vaccusat
1274 1105 1496 1151 Grattium
1528 1108 1646 1164 quod
1679 1109 1808 1152 nimis
1838 1119 1972 1164 saepe
2001 1107 2095 1152 alli·

384 1180 596 1223 teratione
627 1187 792 1232 utatur3
826 1180 950 1222 cuius
981 1190 1081 1221 cum
1113 1177 1172 1221 90
1202 1179 1286 1221 sint
1318 1178 1522 1234 exempla
1554 1180 1591 1234 (l
1631 1177 1719 1234 2‘6)
1751 1179 1795 1222 in
1830 1177 2021 1233 Granio,
2046 1179 2092 1222 in

386 1251 467 1295 hac
498 1262 547 1293 re
578 1250 759 1293 similior
790 1258 855 1293 est
888 1249 1029 1292 Plauti
1062 1248 1278 1304 Enniique
1309 1261 1441 1305 quam
1475 1247 1627 1293 Ovidii
1658 1249 1932 1306 aliorumque
1947 1257 2093 1306 poeta·

384 1334 482 1364 rum
517 1320 702 1376 Augusti
733 1321 894 1364 aetatis.
932 1319 1082 1376 Quam
1114 1320 1171 1363 ob
1204 1331 1298 1363 rem
1332 1318 1606 1363 Pierleonius
1638 1319 1747 1364 haec
1777 1320 1948 1364 scribit:
1985 1319 2094 1373 „che

384 1403 433 1435 se
478 1392 705 1448 pensiamo
751 1392 832 1435 che
878 1391 918 1434 la
949 1403 1187 1434 mancanza
1220 1390 1331 1434 della
1363 1390 1587 1434 alliteratio
1618 1391 1644 1434 ὲ
1675 1391 1718 1434 in
1751 1391 1901 1447 poesia
1931 1389 2095 1434 indizio

385 1463 427 1505 di
459 1461 725 1518 perfezione,
758 1471 877 1506 tanto
909 1461 990 1505 che
1023 1462 1093 1505 nei
1125 1461 1311 1517 migliori
1345 1462 1462 1517 poeti
1493 1461 1592 1504 dell'
1624 1463 1692 1505 eta
1724 1449 1902 1505 classica
1933 1471 2023 1505 non
2044 1471 2094 1504 se

385 1545 441 1577 ne
487 1542 677 1577 trovano
723 1533 891 1588 esempi
932 1532 1013 1576 che
1045 1544 1172 1575 come
1204 1544 1304 1575 rara
1335 1533 1583 1587 eecezione‚
1616 1533 1690 1575 noi
1721 1540 1922 1588 potremo
1953 1531 2098 1575 anche>

386 1606 471 1647 'con
518 1612 674 1659 questo
722 1603 873 1646 ultimo
915 1611 1175 1658 argumento
1223 1602 1473 1646 confortare
1519 1602 1547 1645 il
1579 1611 1732 1646 nostro
1763 1602 1952 1660 giudizio
1982 1601 2095 1646 sulle

384 1674 596 1718 attitudini
627 1673 845 1717 artistiche
876 1685 902 1717 e
933 1673 1133 1729 poetiche
1165 1673 1208 1716 di
1243 1670 1485 1716 Grattius.”
1521 1671 1698 1727 Quibus
1728 1673 1791 1717 sic
1821 1672 2095 1729 respondere

386 1745 543 1789 velim:
591 1756 690 1788 curn
738 1744 1067 1787 alliterationem
1094 1755 1307 1799 spernere
1336 1743 1504 1787 facilius
1537 1745 1591 1787 sit
1622 1755 1752 1799 quam
1785 1743 2006 1797 adhibere,
2037 1743 2094 1787 de

385 1816 466 1859 hac
497 1826 545 1859 re
576 1815 681 1859 nihil
712 1815 826 1858 aliud
856 1815 953 1858 licet
985 1815 1131 1858 dicere
1162 1827 1293 1870 quam
1325 1823 1500 1870 poetam
1517 1814 1845 1858 alliterationem
1867 1814 1911 1857 in
1928 1813 2094 1858 deliciis

385 1886 590 1930 habuisse
636 1895 677 1929 et
724 1886 779 1930 de
824 1885 1034 1943 industria
1076 1886 1344 1941 antiquiores
1385 1894 1539 1941 poetas
1569 1885 1693 1940 sequi
1725 1884 1929 1929 maluisse
1960 1896 2091 1940 quam

384 1969 491 2000 suae
536 1958 673 2012 ipsius
719 1958 882 2000 aetatis.
931 1955 1092 1999 Denuo
1139 1957 1258 1998 iuvat
1306 1967 1377 2000 me
1423 1957 1556 1999 citare
1587 1955 1924 2011 prudentissima
1955 1955 2096 1998 verba-

385 2028 549 2084 egregii
595 2027 803 2083 philologi
850 2026 1068 2071 Schenkl:
1116 2025 1344 2080 „Grattius
1386 2026 1517 2070 bleibt
1560 2026 1781 2070 dut-chaus
1811 2025 2095 2081 selbstiindig,

385 2099 465 2142 der
511 2098 838 2154 fibermac‘htige
887 2097 1078 2141 Einfluss
1125 2098 1204 2141 der
1251 2097 1510 2141 ovidischen
1559 2096 1718 2141 Poesie
1765 2097 1839 2140 hat
1869 2095 1944 2140 ihn
1975 2095 2093 2140 noch

388 2168 505 2213 nicht
537 2169 732 2213 beriihrt.

449 2307 574 2353 Haec
605 2308 697 2352 fere
728 2318 843 2363 sunt,
875 2321 987 2365 quae
1020 2308 1295 2354 Pierleonius
1326 2310 1489 2364 adtulit,
1521 2319 1567 2353 ut
1598 2308 1849 2353 ostenderet
1868 2306 2091 2373 Grattium

385 2390 560 2436 poetam
606 2379 765 2423 nullius
812 2381 937 2435 pretii
983 2379 1132 2424 fuisse.
1181 2379 1498 2436 Disputationis
1545 2379 1676 2424 finem
1716 2378 1815 2423 facit
1847 2373 1986 2422 liunc:
2023 2378 2095 2431 „io

386 2452 557 2506 ritengo
604 2450 700 2504 che,
737 2462 784 2493 se
820 2448 1019 2494 Grattius
1050 2449 1096 2493 fu
1128 2451 1197 2494 dai
1231 2450 1419 2494 Romani
1450 2451 1742 2504 dimenticato,
1772 2450 1812 2493 la
1843 2449 1973 2505 colpa,
2001 2459 2089 2492 non

385 2522 431 2565 fu
473 2530 579 2565 tutta
622 2521 664 2564 di
709 2521 778 2564 chi
809 2520 852 2564 lo
884 2521 1162 2564 dimentieo.”
1198 2521 1328 2578 Quae
1359 2522 1557 2565 scribens
1589 2522 1657 2565 vir
1687 2521 1842 2564 doctus
1874 2517 2006 2562 Italus
2035 2518 2095 2562 de

388 2591 659 2636 Nemesiano
700 2592 872 2646 cogitat,
914 2592 983 2634 cui
1019 2590 1218 2635 Grattius
1249 2593 1423 2648 ignotus
1455 2592 1589 2636 fuisse
1619 2592 1775 2635 dicitur
1805 2602 1830 2633 a
1864 2587 2091 2633 Curcione

387 2661 604 2706 Schanzio
651 2661 854 2717 aliisque;
904 2661 1220 2706 Nemesianum
1268 2672 1412 2706 tamen
1469 2661 1628 2706 Grattii
1678 2662 1872 2705 carmina
1917 2660 2093 2716 cognita

386 2734 590 2777 habuisse
606 2732 911 2776 demonstrare
933 2742 1116 2776 conatus
1137 2745 1234 2776 sum
1263 2734 1306 2776 in
1331 2732 1628 2790 Mnemosyne
1656 2731 1765 2775 1917
1791 2732 1850 2787 (p.
1874 2729 2092 2784 53—68);

387 2816 530 2860 neque
576 2804 705 2859 igitur
751 2803 835 2846 hoc
883 2812 1202 2858 argumentum,
1250 2804 1285 2847 si
1317 2813 1436 2848 recte
1465 2805 1523 2847 ibi
1556 2803 1788 2859 disputavi,
1829 2801 1883 2845 ad
1914 2809 2090 2857 poetam

389 2873 719 2918 detrectandum
751 2874 983 2928 quicquam
1017 2874 1143 2917 valet.

450 2943 678 2987 Hactenus
722 2943 806 2987 hoc
853 2953 1019 2987 tantum
1066 2946 1149 3000 egi,
1197 2954 1242 2988 ut
1289 2946 1630 2989 obtrectatorum
1677 2931 1857 2987 crim‘ina
1898 2941 2089 2986 refutare

388 3026 597 3068 conarer;
639 3026 756 3057 nunc
799 3015 901 3070 quid
932 3015 1028 3070 ipse
1059 3014 1113 3057 de
1145 3017 1283 3059 nostri
1315 3025 1470 3071 poetae
1501 3015 1677 3070 ingenio
1709 3023 1751 3057 et
1782 3022 1875 3057 arte
1905 3013 2089 3056 sentiam

387 3086 538 3140 paucis
569 3085 814 3141 explicabo.

452 3154 611 3199 Grattii
647 3154 920 3212 Cynegetica
950 3156 1006 3198 ita
1038 3156 1177 3199 divisa
1209 3166 1332 3199 sunt:
