2210 3568
1227 239 1285 283 76

466 371 567 416 227.
629 370 891 415 incubuit:
922 381 1107 414 currere
1133 369 1266 423 solet;
1293 368 1535 425 perfectum
1557 368 1674 412 enim
1696 367 1825 412 habet
1847 368 1937 413 vim
1958 369 2106 422 aot-isti
2167 345 2197 434 ¹.

411 441 600 498 Graeci3
648 442 702 486 cf.
738 440 875 485 Ovid.
909 441 1016 485 Met.
1050 439 1103 495 X,
1135 439 1222 484 657
1254 450 1386 494 nunc,
1418 450 1538 483 nunc
1570 439 1824 483 incumbere
1854 436 2057 495 tempasl
2084 441 2106 495 l

408 513 707 568 Hippomene,
736 523 944 567 propera.

466 584 573 628 Post
604 583 689 627 hoc
710 584 898 628 verbum
920 583 1187 639 interpunxit
1213 579 1490 636 GronoviuS,
1511 588 1558 624 ut
1577 580 1747 635 spatiis
1768 580 2108 637 coniungeretut·

406 666 507 699 cum
540 666 652 698 voce
684 653 917 697 Lechaeis.

465 724 678 778 spatiis,
696 756 707 768 .
727 756 766 768 ..
828 723 1104 769 Lechaeis:
1170 723 1311 768 stadio
1362 721 1481 778 quod
1532 730 1598 765 est
1647 733 1790 778 prope
1841 719 2106 774 Lechaeum,

408 793 613 839 Corinthi
644 803 834 852 portum.

464 865 682 920 spatiis:
713 865 767 910 cf.
801 864 938 922 Verg.
974 863 1143 921 Georg.
1179 863 1211 919 1,
1242 862 1330 908 512
1360 874 1461 907 cum
1492 860 1747 907 carceribus
1775 872 1882 908 sese
1903 859 2108 919 effudere

405 935 707 992 quadrigae,l
737 936 917 980 addunt
944 946 998 979 se
1030 935 1078 979 in
1107 934 1279 990 spatia.

464 1018 753 1062 permlssa:
784 1019 976 1051 inmissa.

462 1130 564 1175 228.
626 1129 967 1174 Thessalium
1000 1128 1261 1184 quadriga
1291 1127 1476 1173 decus,
1506 1125 1721 1172 Thessalii
1751 1126 1854 1183 equi
1884 1133 2109 1184 praestan·

405 1203 557 1246 tissimi
587 1209 725 1256 erant,
757 1200 811 1245 cf.
844 1212 957 1256 quae
988 1199 1295 1244 adnotavimus
1325 1197 1381 1242 ad
1411 1197 1511 1242 502.

463 1325 564 1369 229.
628 1335 754 1379 spes
795 1323 1083 1367 ambitiosa
1116 1333 1367 1368 coronae:
1398 1321 1452 1366 cf.
1487 1320 1732 1366 Halieutica
1763 1318 1900 1375 66s67
1931 1318 2006 1364 hic
2029 1329 2108 1375 ge-

405 1408 598 1440 nerosus
642 1395 789 1440 honos
835 1398 880 1438 et
921 1394 1072 1450 gloria
1104 1393 1251 1438 maior
1282 1395 1549 1449 equorum,s
1579 1403 1687 1436 nam
1718 1391 1906 1445 capiunt
1935 1389 2108 1435 animis
2142 1386 2145 1389 ’

402 1467 621 1523 palmam,
648 1466 941 1522 gaudentque
962 1465 1205 1520 triumpho.
1222 1468 1242 1519 s
1257 1475 1342 1508 seu
1361 1467 1537 1519 septem
1557 1462 1727 1518 spatiis
1750 1461 1883 1507 Circo
1905 1471 2108 1507 meruere

406 1549 634 1583 coronam.
1939 1544 1943 1547 ⁷

462 1661 564 1706 230.
628 1661 741 1706 sed-
761 1673 831 1706 ne
870 1673 975 1716 qua
1020 1673 1089 1706 ex
1134 1660 1302 1704 nimio
1337 1659 1522 1704 redeat
1550 1658 1759 1701 iactura
1786 1649 1998 1702 favor‘e:
2028 1655 2108 1700 sed
2172 1659 2194 1690 '²1

407 1745 463 1777 ne
494 1733 691 1777 elabatur
720 1732 814 1777 fera
847 1745 986 1789 prope
1017 1732 1235 1788 deprensa
1266 1740 1448 1787 propter
1479 1730 1661 1773 nimium
1692 1727 1812 1772 canis
1843 1726 2046 1771 studium.

465 1803 632 1848 nimio
662 1802 874 1849 favore:
903 1824 962 1839 =
993 1804 1128 1847 nimio
1159 1802 1318 1857 studi0,
1351 1801 1404 1846 cf.
1439 1813 1503 1845 vs,
1535 1799 1624 1844 240
1645 1798 1900 1873 favesztem.

465 1927 566 1972 231.
630 1926 841 1974 officiis:
872 1929 991 1971 canis
1022 1927 1166 1971 studio
1199 1935 1328 1982 atque
1359 1925 1774 1970 ardori..

465 2010 570 2043 neu
615 2009 745 2043 voce
791 1999 1077 2043 lacesseret
1123 1997 1360 2043 hostem:
1405 2009 1465 2041 sc.
1512 1997 1625 2040 inter
1655 1991 2031 2050 investigandum;
2062 1990 2106 2034 id

408 2070 526 2126 quod
557 2070 800 2114 inconsulte
832 2071 960 2113 nimis
991 2058 1192 2113 inductor
1224 2070 1343 2113 canis
1375 2068 1491 2124 apud
1525 2066 1782 2123 Oppianum
1803 2063 1903 2107 facit
1924 2061 2002 2117 IV,
2019 2060 2107 2105 364

409 2141 513 2193 ἐπὴν
562 2140 597 2182 δ
629 2142 682 2188 εἷς
730 2140 856 2193 ἄκρον
901 2141 1112 2194 ἵκωνται]
1131 2138 1357 2187 εὐπλανέος
1401 2138 1558 2195 στιβίης
1604 2137 1734 2192 θηρός
1779 2151 1823 2176 τε
1869 2130 2105 2175 παναίολον

408 2212 548 2264 εὐνήν,
563 2215 583 2264 l
601 2212 733 2267 αὐτίχ’
765 2213 789 2252 ὁ·
816 2213 889 2264 μὲν
937 2214 1116 2266 θρώσκει
1163 2209 1361 2265 παλάμης
1407 2210 1493 2250 ἀπὸ
1525 2212 1772 2263 θηρητῆρος,
1788 2205 1967 2260 [οἰκτρὰ
2005 2201 2105 2257 μάλ’

408 2280 617 2334 ὑλακόων,
659 2281 927 2338 κεχαρημένος
969 2282 1091 2338 ἔξοχα
1123 2282 1275 2335 θυμόν.
1312 2281 1388 2325 1110
1421 2281 1537 2325 enim
1568 2280 1722 2323 latratu
1754 2277 1847 2321 fera
1878 2276 2104 2328 excitatur,

410 2361 641 2408 antequam
673 2354 780 2397 retia
811 2353 1110 2409 disponantur.

474 2422 644 2467 Confer
690 2435 789 2467 cum
841 2422 1001 2468 Grattii
1048 2432 1285 2480 praecepto
1318 2434 1475 2467 versus
1509 2415 1967 2477 Oppiani1.449s50
2010 2413 2106 2469 μηδ’
2156 2455 2159 2458 .

410 2491 554 2536 ὑλάειν
599 2492 798 2535 ἐθέλοιεν·
847 2495 935 2534 ἐπεὶ
982 2493 1098 2547 μάλα
1130 2494 1520 2549 θηρευτῆρσιχσιγὴ
1564 2490 1735 2543 τέθμιός
1765 2490 1863 2539 ἐστι,
1894 2483 2105 2541 πανέξοχα

411 2563 448 2605 δ’
494 2565 748 2620 ῖχνευτῆρσιν
795 2574 837 2608 et
884 2563 989 2608 Stat.
1023 2564 1177 2608 Achill.
1214 2564 1243 2608 1.
1277 2564 1366 2608 746
1395 2563 1519 2607 velut
1551 2562 1627 2606 ille
1657 2558 1825 2604 cubilia
1852 2555 2056 2613 praedae
2086 2558 2106 2609 l

413 2634 671 2678 indubitata
702 2638 863 2678 tenens
904 2638 1057 2679 muto
1088 2635 1195 2691 legit
1227 2647 1340 2679 arva
1371 2634 1638 2678 Molosso
1668 2634 1687 2686 l
1717 2632 1918 2683 venator,
1949 2626 2106 2672 videat

411 2706 553 2750 donec
581 2706 666 2749 sab
689 2705 939 2762 frondibus
971 2706 1148 2751 hostem
1158 2719 1177 2758 ‚·
1197 2719 1307 2762 quae
1329 2706 1568 2749 inductoris
1589 2702 1730 2747 officia
1751 2702 1849 2755 sint,
1871 2700 1983 2743 bene
2003 2710 2106 2742 enu-
2142 2706 2145 2709 ·

411 2786 550 2821 merat
597 2776 818 2830 Aelianus,
866 2778 994 2820 anim.
1044 2777 1196 2820 histor.
1244 2776 1364 2821 VIII.
1397 2775 1425 2820 2
1456 2782 1696 2829 προηγεῖται
1740 2777 1815 2812 τοῦ
1861 2766 2104 2823 κυνηγέτου,
2178 2787 2210 2824 ,ςᾳε

411 2849 554 2901 ἱμάντι
564 2856 709 2904 μακρῷ
720 2845 1003 2901 προσημμένος
1026 2848 1094 2888 καὶ
1116 2846 1327 2902 ῥινηλατεῒ
1345 2855 1418 2901 τῆς
1450 2853 1599 2900 φωνῇ
1615 2861 1634 2891 ς
1657 2842 1790 2899 ἔχων
1815 2841 2102 2894 ἐγκρατῶς.

415 2917 534 2963 Cum
576 2928 719 2962 autem
760 2918 858 2962 loco
891 2931 1021 2974 quem
1054 2919 1241 2962 ostendit
1272 2920 1392 2963 canis
1424 2931 1448 2962 a
1480 2925 1691 2961 venatore
1721 2912 1924 2969 indagine
1955 2910 2104 2954 clauso

410 2998 583 3045 tempus
613 2990 667 3034 sit
695 2989 834 3033 ieram
866 2989 1095 3043 excitandi,
1119 2990 1313 3030 ἐνταῦθα
1334 2997 1409 3031 τοῦ
1430 2994 1588 3044 καιροῦ,
1608 2980 1745 3041 inquit
1765 2982 1880 3027 idem
1902 2982 2104 3037 scriptor,

410 3058 643 3115 ὑλάκτησεν
689 3061 714 3102 ὁ
757 3060 882 3101 κύων.
929 3068 1015 3101 νοεῖ
1056 3059 1210 3116 δἀὐτῷ
1252 3068 1485 3115 τηνικαῦτα
1516 3060 1541 3113 ἦ
1572 3058 1648 3115 βοὴ
1680 3056 1734 3102 εἷς
1764 3055 1999 3095 ἀνάστασιν
2031 3052 2104 3093 τὸν

412 3137 489 3171 σῦν
521 3130 752 3184 ὑποθῆξαι,
781 3131 854 3171 ἵνα
886 3129 1038 3187 ἐμπέσῃ
1071 3132 1235 3183 φεύγων
1267 3133 1336 3173 καὶ
1366 3140 1452 3180 τοῖς
1482 3129 1662 3176 δικτύοις
1692 3123 1961 3180 καταληφθῇ,
