<?xml version="1.0" encoding="UTF-8"?>
<!DOCTYPE html PUBLIC "-//W3C//DTD XHTML 1.0 Transitional//EN"
    "http://www.w3.org/TR/xhtml1/DTD/xhtml1-transitional.dtd">
<html xmlns="http://www.w3.org/1999/xhtml" xml:lang="en" lang="en">
 <head>
  <title>
</title>
<meta http-equiv="Content-Type" content="text/html;charset=utf-8" />
  <meta name='ocr-system' content='tesseract 3.04.00' />
  <meta name='ocr-capabilities' content='ocr_page ocr_carea ocr_par ocr_line ocrx_word'/>
</head>
<body>
  <div class='ocr_page' id='page_1' title='image "./cynegeticonquaes00gratuoft_0203.png"; bbox 0 0 2210 3568; ppageno 0'>
   <div class='ocr_carea' id='block_1_1' title="bbox 984 222 1044 268">
    <p class='ocr_par' dir='ltr' id='par_1_1' title="bbox 984 222 1044 268">
     <span class='ocr_line' id='line_1_1' title="bbox 984 222 1044 268; baseline 0 0"><span class='ocrx_word' id='word_1_1' title='bbox 984 222 1044 268; x_wconf 87' lang='lat'>83</span> 
     </span>
    </p>
   </div>
   <div class='ocr_carea' id='block_1_2' title="bbox 158 353 1873 482">
    <p class='ocr_par' dir='ltr' id='par_1_2' title="bbox 158 353 1873 482">
     <span class='ocr_line' id='line_1_2' title="bbox 159 353 1871 411; baseline -0.001 -11"><span class='ocrx_word' id='word_1_2' title='bbox 159 353 261 401; x_wconf 85' lang='lat' dir='ltr'>hinc</span> <span class='ocrx_word' id='word_1_3' title='bbox 305 354 631 411; x_wconf 88' lang='lat' dir='ltr'>explicandum,</span> <span class='ocrx_word' id='word_1_4' title='bbox 680 354 800 411; x_wconf 91' lang='lat' dir='ltr'>quod</span> <span class='ocrx_word' id='word_1_5' title='bbox 851 353 1053 399; x_wconf 86' lang='lat' dir='ltr'>Grattius</span> <span class='ocrx_word' id='word_1_6' title='bbox 1099 354 1365 399; x_wconf 85' lang='lat' dir='ltr'>bellicosam</span> <span class='ocrx_word' id='word_1_7' title='bbox 1396 367 1552 399; x_wconf 91' lang='lat' dir='ltr'>canem</span> <span class='ocrx_word' id='word_1_8' title='bbox 1584 363 1685 398; x_wconf 88' lang='lat' dir='ltr'>ante</span> <span class='ocrx_word' id='word_1_9' title='bbox 1717 355 1871 399; x_wconf 91' lang='lat' dir='ltr'>oculos</span> 
     </span>
     <span class='ocr_line' id='line_1_3' title="bbox 158 423 1873 482; baseline -0.001 -12"><span class='ocrx_word' id='word_1_10' title='bbox 158 425 304 480; x_wconf 82' lang='lat' dir='ltr'>habet,</span> <span class='ocrx_word' id='word_1_11' title='bbox 327 425 776 482; x_wconf 87' lang='lat' dir='ltr'>Pseudo-Xenophon</span> <span class='ocrx_word' id='word_1_12' title='bbox 798 436 1028 481; x_wconf 81' lang='lat' dir='ltr'><strong><em>sagacem,</em></strong></span> <span class='ocrx_word' id='word_1_13' title='bbox 1055 423 1292 482; x_wconf 86' lang='lat' dir='ltr'>Oppianus</span> <span class='ocrx_word' id='word_1_14' title='bbox 1312 426 1526 478; x_wconf 84' lang='lat' dir='ltr'><em>velocem,</em></span> <span class='ocrx_word' id='word_1_15' title='bbox 1549 425 1696 470; x_wconf 85' lang='lat' dir='ltr'>Varro</span> <span class='ocrx_word' id='word_1_16' title='bbox 1718 437 1873 470; x_wconf 87' lang='lat' dir='ltr'>canem</span> 
     </span>
    </p>
   </div>
   <div class='ocr_carea' id='block_1_3' title="bbox 52 495 1872 554">
    <p class='ocr_par' dir='ltr' id='par_1_3' title="bbox 52 495 1872 554">
     <span class='ocr_line' id='line_1_4' title="bbox 52 495 1872 554; baseline -0.002 -11"><span class='ocrx_word' id='word_1_17' title='bbox 52 507 54 509; x_wconf 76' lang='grc'><strong><em>’</em></strong></span> <span class='ocrx_word' id='word_1_18' title='bbox 103 535 107 537; x_wconf 92' lang='grc'>.</span> <span class='ocrx_word' id='word_1_19' title='bbox 154 496 338 553; x_wconf 77' lang='lat' dir='ltr'>pecoris</span> <span class='ocrx_word' id='word_1_20' title='bbox 368 497 599 542; x_wconf 88' lang='lat' dir='ltr'>custodem</span> <span class='ocrx_word' id='word_1_21' title='bbox 631 506 761 554; x_wconf 88' lang='lat' dir='ltr'>atque</span> <span class='ocrx_word' id='word_1_22' title='bbox 792 495 1099 553; x_wconf 83' lang='lat' dir='ltr'><strong><em>defensorem,</em></strong></span> <span class='ocrx_word' id='word_1_23' title='bbox 1131 498 1205 553; x_wconf 90' lang='lat' dir='ltr'>qui</span> <span class='ocrx_word' id='word_1_24' title='bbox 1227 497 1343 541; x_wconf 83' lang='lat' dir='ltr'>feras</span> <span class='ocrx_word' id='word_1_25' title='bbox 1366 498 1526 540; x_wconf 82' lang='lat' dir='ltr'><strong>bestias</strong></span> <span class='ocrx_word' id='word_1_26' title='bbox 1554 496 1872 554; x_wconf 79' lang='lat' dir='ltr'>nonnunquam</span> 
     </span>
    </p>
   </div>
   <div class='ocr_carea' id='block_1_4' title="bbox 157 566 1873 696">
    <p class='ocr_par' dir='ltr' id='par_1_4' title="bbox 157 566 1873 696">
     <span class='ocr_line' id='line_1_5' title="bbox 157 566 1873 625; baseline -0.001 -12"><span class='ocrx_word' id='word_1_27' title='bbox 157 568 420 625; x_wconf 82' lang='lat' dir='ltr'>propulsare</span> <span class='ocrx_word' id='word_1_28' title='bbox 470 568 614 623; x_wconf 88' lang='lat' dir='ltr'>debet,</span> <span class='ocrx_word' id='word_1_29' title='bbox 665 566 915 612; x_wconf 85' lang='lat' dir='ltr'>Columella</span> <span class='ocrx_word' id='word_1_30' title='bbox 971 579 1125 611; x_wconf 87' lang='lat' dir='ltr'>canem</span> <span class='ocrx_word' id='word_1_31' title='bbox 1178 567 1447 620; x_wconf 81' lang='lat' dir='ltr'>villaticum,</span> <span class='ocrx_word' id='word_1_32' title='bbox 1504 569 1578 624; x_wconf 91' lang='lat' dir='ltr'>qui</span> <span class='ocrx_word' id='word_1_33' title='bbox 1630 568 1873 622; x_wconf 81' lang='lat' dir='ltr'>„adversus</span> 
     </span>
     <span class='ocr_line' id='line_1_6' title="bbox 157 638 1870 696; baseline 0.001 -14"><span class='ocrx_word' id='word_1_34' title='bbox 157 638 387 684; x_wconf 89' lang='lat' dir='ltr'>hominum</span> <span class='ocrx_word' id='word_1_35' title='bbox 432 639 612 683; x_wconf 86' lang='lat' dir='ltr'>insidias</span> <span class='ocrx_word' id='word_1_36' title='bbox 652 639 859 696; x_wconf 83' lang='lat' dir='ltr'>eligitur&#39;’</span> <span class='ocrx_word' id='word_1_37' title='bbox 906 647 950 682; x_wconf 91' lang='lat' dir='ltr'>et</span> <span class='ocrx_word' id='word_1_38' title='bbox 981 649 1136 682; x_wconf 91' lang='lat' dir='ltr'>canem</span> <span class='ocrx_word' id='word_1_39' title='bbox 1166 639 1450 694; x_wconf 83' lang='lat' dir='ltr'>pecuarium,</span> <span class='ocrx_word' id='word_1_40' title='bbox 1485 639 1555 683; x_wconf 91' lang='lat' dir='ltr'>vel</span> <span class='ocrx_word' id='word_1_41' title='bbox 1583 639 1870 694; x_wconf 90' lang='lat' dir='ltr'>pastoralem</span> 
     </span>
    </p>
   </div>
   <div class='ocr_carea' id='block_1_5' title="bbox 41 697 1868 768">
    <p class='ocr_par' dir='ltr' id='par_1_5' title="bbox 41 697 1868 768">
     <span class='ocr_line' id='line_1_7' title="bbox 41 697 1868 768; baseline 0 -14"><span class='ocrx_word' id='word_1_42' title='bbox 41 697 85 739; x_wconf 46' lang='grc' dir='ltr'><strong>Ὗ</strong></span> <span class='ocrx_word' id='word_1_43' title='bbox 156 711 232 768; x_wconf 89' lang='lat' dir='ltr'>qui</span> <span class='ocrx_word' id='word_1_44' title='bbox 250 710 494 758; x_wconf 48' lang='lat' dir='ltr'>hominum.</span> <span class='ocrx_word' id='word_1_45' title='bbox 524 722 575 754; x_wconf 92' lang='lat' dir='ltr'>ac</span> <span class='ocrx_word' id='word_1_46' title='bbox 606 709 801 755; x_wconf 87' lang='lat' dir='ltr'>ferarum</span> <span class='ocrx_word' id='word_1_47' title='bbox 834 710 1014 753; x_wconf 88' lang='lat' dir='ltr'>iniurias</span> <span class='ocrx_word' id='word_1_48' title='bbox 1057 710 1277 766; x_wconf 85' lang='lat' dir='ltr'>propellit.</span> <span class='ocrx_word' id='word_1_49' title='bbox 1335 709 1475 755; x_wconf 88' lang='lat' dir='ltr'>Canis</span> <span class='ocrx_word' id='word_1_50' title='bbox 1527 720 1688 765; x_wconf 91' lang='lat' dir='ltr'>autem,</span> <span class='ocrx_word' id='word_1_51' title='bbox 1735 723 1868 768; x_wconf 90' lang='lat' dir='ltr'>quem</span> 
     </span>
    </p>
   </div>
   <div class='ocr_carea' id='block_1_6' title="bbox 155 778 1870 910">
    <p class='ocr_par' dir='ltr' id='par_1_6' title="bbox 155 778 1870 910">
     <span class='ocr_line' id='line_1_8' title="bbox 155 778 1870 838; baseline -0.001 -10"><span class='ocrx_word' id='word_1_52' title='bbox 155 791 182 828; x_wconf 77' lang='lat' dir='ltr'>c</span> <span class='ocrx_word' id='word_1_53' title='bbox 226 778 403 831; x_wconf 86' lang='lat' dir='ltr'>Grattio</span> <span class='ocrx_word' id='word_1_54' title='bbox 440 782 766 838; x_wconf 88' lang='lat' dir='ltr'>cognoscimus,</span> <span class='ocrx_word' id='word_1_55' title='bbox 805 781 848 824; x_wconf 91' lang='lat' dir='ltr'>in</span> <span class='ocrx_word' id='word_1_56' title='bbox 890 780 1112 824; x_wconf 89' lang='lat' dir='ltr'>nonnullis</span> <span class='ocrx_word' id='word_1_57' title='bbox 1154 781 1289 825; x_wconf 91' lang='lat' dir='ltr'>rebus</span> <span class='ocrx_word' id='word_1_58' title='bbox 1332 781 1516 825; x_wconf 87' lang='lat' dir='ltr'>similior</span> <span class='ocrx_word' id='word_1_59' title='bbox 1546 791 1613 826; x_wconf 87' lang='lat' dir='ltr'>est</span> <span class='ocrx_word' id='word_1_60' title='bbox 1647 781 1870 826; x_wconf 88' lang='lat' dir='ltr'>Varronis</span> 
     </span>
     <span class='ocr_line' id='line_1_9' title="bbox 155 850 1449 910; baseline -0.001 -13"><span class='ocrx_word' id='word_1_61' title='bbox 155 853 275 910; x_wconf 82' lang='lat' dir='ltr'>canis</span> <span class='ocrx_word' id='word_1_62' title='bbox 310 851 610 906; x_wconf 72' lang='lat' dir='ltr'>„defensoris”</span> <span class='ocrx_word' id='word_1_63' title='bbox 643 862 686 897; x_wconf 92' lang='lat' dir='ltr'>et</span> <span class='ocrx_word' id='word_1_64' title='bbox 721 850 998 897; x_wconf 86' lang='lat' dir='ltr'>Columellae</span> <span class='ocrx_word' id='word_1_65' title='bbox 1034 853 1283 909; x_wconf 87' lang='lat' dir='ltr'>„pecuarii”</span> <span class='ocrx_word' id='word_1_66' title='bbox 1317 854 1449 896; x_wconf 88' lang='lat' dir='ltr'>canis.</span> 
     </span>
    </p>
   </div>
   <div class='ocr_carea' id='block_1_7' title="bbox 154 1015 1872 1147">
    <p class='ocr_par' dir='ltr' id='par_1_7' title="bbox 154 1015 1872 1147">
     <span class='ocr_line' id='line_1_10' title="bbox 212 1015 1872 1076; baseline 0 -13"><span class='ocrx_word' id='word_1_67' title='bbox 212 1017 313 1063; x_wconf 83' lang='lat'>269.</span> <span class='ocrx_word' id='word_1_68' title='bbox 377 1018 490 1062; x_wconf 80' lang='lat' dir='ltr'>sint</span> <span class='ocrx_word' id='word_1_69' title='bbox 515 1018 642 1063; x_wconf 89' lang='lat' dir='ltr'>celsi</span> <span class='ocrx_word' id='word_1_70' title='bbox 660 1019 867 1063; x_wconf 88' lang='lat' dir='ltr'>voltus:</span> <span class='ocrx_word' id='word_1_71' title='bbox 899 1019 954 1064; x_wconf 85' lang='lat' dir='ltr'>cf.</span> <span class='ocrx_word' id='word_1_72' title='bbox 988 1018 1177 1063; x_wconf 88' lang='lat' dir='ltr'>Ps·Xen.</span> <span class='ocrx_word' id='word_1_73' title='bbox 1203 1017 1383 1076; x_wconf 87' lang='lat' dir='ltr'>Cyneg.</span> <span class='ocrx_word' id='word_1_74' title='bbox 1417 1019 1458 1063; x_wconf 87' lang='lat'>4.</span> <span class='ocrx_word' id='word_1_75' title='bbox 1484 1020 1498 1062; x_wconf 98' lang='grc'><strong>1</strong></span> <span class='ocrx_word' id='word_1_76' title='bbox 1522 1027 1688 1074; x_wconf 76' lang='grc' dir='ltr'><em>πρῶτον</em></span> <span class='ocrx_word' id='word_1_77' title='bbox 1704 1021 1780 1073; x_wconf 78' lang='grc' dir='ltr'>μὲν</span> <span class='ocrx_word' id='word_1_78' title='bbox 1797 1015 1872 1063; x_wconf 73' lang='grc' dir='ltr'>οὖν</span> 
     </span>
     <span class='ocr_line' id='line_1_11' title="bbox 154 1085 1869 1147; baseline 0.001 -16"><span class='ocrx_word' id='word_1_79' title='bbox 154 1091 228 1146; x_wconf 74' lang='grc' dir='ltr'>χρὴ</span> <span class='ocrx_word' id='word_1_80' title='bbox 269 1085 375 1133; x_wconf 71' lang='grc' dir='ltr'><strong><em>εἶναι</em></strong></span> <span class='ocrx_word' id='word_1_81' title='bbox 404 1088 604 1143; x_wconf 74' lang='grc' dir='ltr'>μεγάλας,</span> <span class='ocrx_word' id='word_1_82' title='bbox 635 1088 725 1132; x_wconf 71' lang='grc' dir='ltr'>εἶτα</span> <span class='ocrx_word' id='word_1_83' title='bbox 756 1091 928 1147; x_wconf 67' lang='grc' dir='ltr'><strong><em>ἐχούσας</em></strong></span> <span class='ocrx_word' id='word_1_84' title='bbox 946 1122 955 1131; x_wconf 94' lang='grc'><strong>.</strong></span> <span class='ocrx_word' id='word_1_85' title='bbox 976 1122 985 1131; x_wconf 94' lang='grc'><strong>.</strong></span> <span class='ocrx_word' id='word_1_86' title='bbox 1006 1122 1015 1132; x_wconf 91' lang='grc'><strong>.</strong></span> <span class='ocrx_word' id='word_1_87' title='bbox 1036 1122 1045 1131; x_wconf 95' lang='grc'><strong><em>.</em></strong></span> <span class='ocrx_word' id='word_1_88' title='bbox 1064 1088 1243 1144; x_wconf 79' lang='grc' dir='ltr'><strong><em>μέτωπα</em></strong></span> <span class='ocrx_word' id='word_1_89' title='bbox 1274 1089 1442 1144; x_wconf 82' lang='grc' dir='ltr'><strong><em>μέγαλα</em></strong></span> <span class='ocrx_word' id='word_1_90' title='bbox 1476 1092 1547 1131; x_wconf 81' lang='grc' dir='ltr'>καὶ</span> <span class='ocrx_word' id='word_1_91' title='bbox 1580 1089 1748 1132; x_wconf 74' lang='grc' dir='ltr'><strong><em>πλατέα</em></strong></span> <span class='ocrx_word' id='word_1_92' title='bbox 1780 1089 1869 1132; x_wconf 83' lang='grc' dir='ltr'>κτλ.</span> 
     </span>
    </p>
   </div>
   <div class='ocr_carea' id='block_1_8' title="bbox 75 1149 1870 1219">
    <p class='ocr_par' dir='ltr' id='par_1_8' title="bbox 75 1149 1870 1219">
     <span class='ocr_line' id='line_1_12' title="bbox 75 1149 1870 1219; baseline -0.001 -13"><span class='ocrx_word' id='word_1_93' title='bbox 75 1149 78 1151; x_wconf 40' lang='grc'><strong><em>’</em></strong></span> <span class='ocrx_word' id='word_1_94' title='bbox 156 1160 323 1206; x_wconf 86' lang='lat' dir='ltr'>Notatu</span> <span class='ocrx_word' id='word_1_95' title='bbox 385 1161 566 1219; x_wconf 87' lang='lat' dir='ltr'>dignum</span> <span class='ocrx_word' id='word_1_96' title='bbox 623 1172 690 1207; x_wconf 91' lang='lat' dir='ltr'>est</span> <span class='ocrx_word' id='word_1_97' title='bbox 738 1162 1073 1206; x_wconf 83' lang='lat' dir='ltr'>Nemesiannm</span> <span class='ocrx_word' id='word_1_98' title='bbox 1121 1164 1243 1207; x_wconf 89' lang='lat' dir='ltr'>canis</span> <span class='ocrx_word' id='word_1_99' title='bbox 1290 1164 1480 1206; x_wconf 90' lang='lat' dir='ltr'>venatici</span> <span class='ocrx_word' id='word_1_100' title='bbox 1528 1163 1870 1219; x_wconf 85' lang='lat' dir='ltr'>descriptionem</span> 
     </span>
    </p>
   </div>
   <div class='ocr_carea' id='block_1_9' title="bbox 86 1232 1871 1565">
    <p class='ocr_par' dir='ltr' id='par_1_9' title="bbox 152 1232 1728 1291">
     <span class='ocr_line' id='line_1_13' title="bbox 152 1232 1728 1291; baseline 0.001 -14"><span class='ocrx_word' id='word_1_101' title='bbox 152 1232 312 1277; x_wconf 88' lang='lat' dir='ltr'>eodem</span> <span class='ocrx_word' id='word_1_102' title='bbox 341 1233 478 1278; x_wconf 93' lang='lat' dir='ltr'>modo</span> <span class='ocrx_word' id='word_1_103' title='bbox 509 1234 647 1278; x_wconf 86' lang='lat' dir='ltr'>ordiri</span> <span class='ocrx_word' id='word_1_104' title='bbox 685 1233 787 1277; x_wconf 87' lang='lat'>108.</span> <span class='ocrx_word' id='word_1_105' title='bbox 807 1266 847 1279; x_wconf 89' lang='lat'>..</span> <span class='ocrx_word' id='word_1_106' title='bbox 886 1234 972 1278; x_wconf 90' lang='lat' dir='ltr'>sit</span> <span class='ocrx_word' id='word_1_107' title='bbox 1001 1233 1209 1277; x_wconf 81' lang='lat' dir='ltr'>cruribus</span> <span class='ocrx_word' id='word_1_108' title='bbox 1240 1234 1352 1277; x_wconf 91' lang='lat' dir='ltr'>altis</span> <span class='ocrx_word' id='word_1_109' title='bbox 1382 1235 1401 1291; x_wconf 80' lang='lat' dir='ltr'><em>s</em></span> <span class='ocrx_word' id='word_1_110' title='bbox 1432 1234 1520 1278; x_wconf 90' lang='lat' dir='ltr'>sit</span> <span class='ocrx_word' id='word_1_111' title='bbox 1549 1234 1728 1290; x_wconf 70' lang='lat' dir='ltr'>rigidis</span> 
     </span>
    </p>

    <p class='ocr_par' dir='ltr' id='par_1_10' title="bbox 86 1302 1871 1565">
     <span class='ocr_line' id='line_1_14' title="bbox 211 1302 1869 1362; baseline -0.002 -14"><span class='ocrx_word' id='word_1_112' title='bbox 211 1303 322 1349; x_wconf 76' lang='lat' dir='ltr'>sint</span> <span class='ocrx_word' id='word_1_113' title='bbox 352 1304 528 1350; x_wconf 85' lang='lat' dir='ltr'>hirtae</span> <span class='ocrx_word' id='word_1_114' title='bbox 558 1303 827 1350; x_wconf 87' lang='lat' dir='ltr'>frontibus</span> <span class='ocrx_word' id='word_1_115' title='bbox 857 1317 1039 1350; x_wconf 86' lang='lat' dir='ltr'>aures:</span> <span class='ocrx_word' id='word_1_116' title='bbox 1073 1304 1274 1350; x_wconf 83' lang='lat' dir='ltr'>Ps.Xen.</span> <span class='ocrx_word' id='word_1_117' title='bbox 1296 1304 1475 1362; x_wconf 88' lang='lat' dir='ltr'>Cyneg.</span> <span class='ocrx_word' id='word_1_118' title='bbox 1493 1305 1571 1349; x_wconf 87' lang='lat'>4.1</span> <span class='ocrx_word' id='word_1_119' title='bbox 1596 1302 1686 1347; x_wconf 81' lang='grc' dir='ltr'>ὦτα</span> <span class='ocrx_word' id='word_1_120' title='bbox 1716 1309 1869 1360; x_wconf 83' lang='grc' dir='ltr'><strong><em>μακρά,</em></strong></span> 
     </span>
     <span class='ocr_line' id='line_1_15' title="bbox 86 1365 1871 1431; baseline 0.002 -14"><span class='ocrx_word' id='word_1_121' title='bbox 86 1365 105 1375; x_wconf 59' lang='grc'>”</span> <span class='ocrx_word' id='word_1_122' title='bbox 151 1373 301 1429; x_wconf 74' lang='grc' dir='ltr'><strong><em>λεπτά,</em></strong></span> <span class='ocrx_word' id='word_1_123' title='bbox 335 1374 444 1431; x_wconf 83' lang='grc' dir='ltr'><strong><em>ψιλὰ</em></strong></span> <span class='ocrx_word' id='word_1_124' title='bbox 475 1376 666 1420; x_wconf 76' lang='grc' dir='ltr'><strong><em>ὄπισθεν.</em></strong></span> <span class='ocrx_word' id='word_1_125' title='bbox 704 1376 906 1422; x_wconf 88' lang='lat' dir='ltr'>Grattius</span> <span class='ocrx_word' id='word_1_126' title='bbox 927 1379 969 1421; x_wconf 94' lang='lat' dir='ltr'>in</span> <span class='ocrx_word' id='word_1_127' title='bbox 994 1377 1078 1421; x_wconf 90' lang='lat' dir='ltr'>hoc</span> <span class='ocrx_word' id='word_1_128' title='bbox 1101 1389 1235 1421; x_wconf 86' lang='lat' dir='ltr'>versu</span> <span class='ocrx_word' id='word_1_129' title='bbox 1258 1378 1494 1421; x_wconf 91' lang='lat' dir='ltr'>scribendo</span> <span class='ocrx_word' id='word_1_130' title='bbox 1515 1389 1672 1421; x_wconf 87' lang='lat' dir='ltr'>eorum</span> <span class='ocrx_word' id='word_1_131' title='bbox 1697 1388 1871 1421; x_wconf 90' lang='lat' dir='ltr'>memor</span> 
     </span>
     <span class='ocr_line' id='line_1_16' title="bbox 151 1446 1869 1506; baseline -0.001 -14"><span class='ocrx_word' id='word_1_132' title='bbox 151 1457 232 1503; x_wconf 89' lang='lat' dir='ltr'>est,</span> <span class='ocrx_word' id='word_1_133' title='bbox 264 1460 378 1505; x_wconf 89' lang='lat' dir='ltr'>quae</span> <span class='ocrx_word' id='word_1_134' title='bbox 411 1448 544 1493; x_wconf 87' lang='lat' dir='ltr'>Maro</span> <span class='ocrx_word' id='word_1_135' title='bbox 578 1446 750 1506; x_wconf 88' lang='lat' dir='ltr'>Georg.</span> <span class='ocrx_word' id='word_1_136' title='bbox 784 1448 860 1493; x_wconf 89' lang='lat'>111.</span> <span class='ocrx_word' id='word_1_137' title='bbox 889 1449 946 1493; x_wconf 89' lang='grc'>55</span> <span class='ocrx_word' id='word_1_138' title='bbox 971 1449 1026 1493; x_wconf 91' lang='lat' dir='ltr'>de</span> <span class='ocrx_word' id='word_1_139' title='bbox 1043 1449 1157 1492; x_wconf 83' lang='lat' dir='ltr'>bove</span> <span class='ocrx_word' id='word_1_140' title='bbox 1174 1450 1311 1493; x_wconf 88' lang='lat' dir='ltr'>canit:</span> <span class='ocrx_word' id='word_1_141' title='bbox 1339 1452 1385 1492; x_wconf 92' lang='lat' dir='ltr'>et</span> <span class='ocrx_word' id='word_1_142' title='bbox 1400 1449 1601 1493; x_wconf 83' lang='lat' dir='ltr'>camuris</span> <span class='ocrx_word' id='word_1_143' title='bbox 1619 1448 1768 1492; x_wconf 83' lang='lat' dir='ltr'>hirtae</span> <span class='ocrx_word' id='word_1_144' title='bbox 1783 1448 1869 1492; x_wconf 83' lang='lat' dir='ltr'>sub</span> 
     </span>
     <span class='ocr_line' id='line_1_17' title="bbox 152 1519 548 1565; baseline 0 -1"><span class='ocrx_word' id='word_1_145' title='bbox 152 1519 367 1564; x_wconf 82' lang='lat' dir='ltr'>cornibus</span> <span class='ocrx_word' id='word_1_146' title='bbox 396 1531 548 1565; x_wconf 82' lang='lat' dir='ltr'>aures.</span> 
     </span>
    </p>
   </div>
   <div class='ocr_carea' id='block_1_10' title="bbox 148 1673 1871 2162">
    <p class='ocr_par' dir='ltr' id='par_1_11' title="bbox 152 1673 1866 1804">
     <span class='ocr_line' id='line_1_18' title="bbox 209 1673 1866 1732; baseline -0.001 -13"><span class='ocrx_word' id='word_1_147' title='bbox 209 1673 311 1719; x_wconf 90' lang='lat'><strong>270.</strong></span> <span class='ocrx_word' id='word_1_148' title='bbox 375 1687 437 1720; x_wconf 85' lang='lat' dir='ltr'>os</span> <span class='ocrx_word' id='word_1_149' title='bbox 468 1687 750 1731; x_wconf 81' lang='lat' dir='ltr'>magnum:</span> <span class='ocrx_word' id='word_1_150' title='bbox 781 1677 911 1720; x_wconf 89' lang='lat' dir='ltr'>etiam</span> <span class='ocrx_word' id='word_1_151' title='bbox 945 1675 1163 1720; x_wconf 90' lang='lat' dir='ltr'>Varronis</span> <span class='ocrx_word' id='word_1_152' title='bbox 1195 1674 1413 1732; x_wconf 88' lang='lat' dir='ltr'>defensor</span> <span class='ocrx_word' id='word_1_153' title='bbox 1443 1675 1573 1720; x_wconf 90' lang='lat' dir='ltr'>debet</span> <span class='ocrx_word' id='word_1_154' title='bbox 1603 1687 1703 1719; x_wconf 88' lang='lat' dir='ltr'>esse</span> <span class='ocrx_word' id='word_1_155' title='bbox 1736 1674 1866 1718; x_wconf 78' lang='lat' dir='ltr'>hiala</span> 
     </span>
     <span class='ocr_line' id='line_1_19' title="bbox 152 1745 1746 1804; baseline -0.003 -14"><span class='ocrx_word' id='word_1_156' title='bbox 152 1756 344 1802; x_wconf 66' lang='lat' dir='ltr'>magnoJ</span> <span class='ocrx_word' id='word_1_157' title='bbox 376 1745 572 1804; x_wconf 81' lang='lat' dir='ltr'>Oppian.</span> <span class='ocrx_word' id='word_1_158' title='bbox 606 1746 765 1804; x_wconf 86' lang='lat' dir='ltr'>Apam.</span> <span class='ocrx_word' id='word_1_159' title='bbox 801 1747 958 1792; x_wconf 82' lang='lat' dir='ltr'>Venat.</span> <span class='ocrx_word' id='word_1_160' title='bbox 995 1746 1025 1790; x_wconf 83' lang='grc' dir='ltr'>Ῐ.</span> <span class='ocrx_word' id='word_1_161' title='bbox 1059 1747 1146 1791; x_wconf 84' lang='grc'>404</span> <span class='ocrx_word' id='word_1_162' title='bbox 1179 1746 1370 1790; x_wconf 72' lang='grc' dir='ltr'><em>ἓκτάδιον</em></span> <span class='ocrx_word' id='word_1_163' title='bbox 1401 1745 1567 1788; x_wconf 75' lang='grc' dir='ltr'><strong><em>τελέθοι</em></strong></span> <span class='ocrx_word' id='word_1_164' title='bbox 1599 1746 1746 1799; x_wconf 85' lang='grc' dir='ltr'><strong><em>στόμα.</em></strong></span> 
     </span>
    </p>

    <p class='ocr_par' dir='ltr' id='par_1_12' title="bbox 148 1817 1871 2162">
     <span class='ocr_line' id='line_1_20' title="bbox 210 1817 1868 1875; baseline -0.002 -12"><span class='ocrx_word' id='word_1_165' title='bbox 210 1817 475 1875; x_wconf 80' lang='lat' dir='ltr'>agitatos:</span> <span class='ocrx_word' id='word_1_166' title='bbox 521 1818 717 1874; x_wconf 82' lang='lat' dir='ltr'>efflatos;</span> <span class='ocrx_word' id='word_1_167' title='bbox 769 1817 970 1863; x_wconf 86' lang='lat' dir='ltr'>Grattius</span> <span class='ocrx_word' id='word_1_168' title='bbox 1019 1831 1200 1863; x_wconf 86' lang='lat' dir='ltr'>versum</span> <span class='ocrx_word' id='word_1_169' title='bbox 1248 1819 1404 1863; x_wconf 89' lang='lat' dir='ltr'>iisdem</span> <span class='ocrx_word' id='word_1_170' title='bbox 1451 1818 1678 1864; x_wconf 89' lang='lat' dir='ltr'>vocabulis</span> <span class='ocrx_word' id='word_1_171' title='bbox 1710 1817 1868 1861; x_wconf 89' lang='lat' dir='ltr'>claudit</span> 
     </span>
     <span class='ocr_line' id='line_1_21' title="bbox 151 1889 1867 1948; baseline -0.001 -14"><span class='ocrx_word' id='word_1_172' title='bbox 151 1889 363 1946; x_wconf 81' lang='lat' dir='ltr'>(naribus</span> <span class='ocrx_word' id='word_1_173' title='bbox 410 1889 562 1948; x_wconf 86' lang='lat' dir='ltr'>ignes)</span> <span class='ocrx_word' id='word_1_174' title='bbox 593 1900 723 1947; x_wconf 88' lang='lat' dir='ltr'>atque</span> <span class='ocrx_word' id='word_1_175' title='bbox 757 1890 930 1935; x_wconf 89' lang='lat' dir='ltr'>Lucret.</span> <span class='ocrx_word' id='word_1_176' title='bbox 967 1890 1021 1935; x_wconf 94' lang='lat' dir='ltr'>V.</span> <span class='ocrx_word' id='word_1_177' title='bbox 1056 1890 1115 1934; x_wconf 87' lang='lat'>30</span> <span class='ocrx_word' id='word_1_178' title='bbox 1146 1894 1191 1934; x_wconf 92' lang='lat' dir='ltr'>et</span> <span class='ocrx_word' id='word_1_179' title='bbox 1223 1890 1464 1935; x_wconf 87' lang='lat' dir='ltr'>Diomedis</span> <span class='ocrx_word' id='word_1_180' title='bbox 1496 1890 1604 1946; x_wconf 83' lang='lat' dir='ltr'>equi</span> <span class='ocrx_word' id='word_1_181' title='bbox 1632 1889 1867 1945; x_wconf 83' lang='lat' dir='ltr'>spirantes</span> 
     </span>
     <span class='ocr_line' id='line_1_22' title="bbox 150 1960 1871 2020; baseline -0.001 -15"><span class='ocrx_word' id='word_1_182' title='bbox 150 1960 342 2006; x_wconf 80' lang='lat' dir='ltr'>naribus</span> <span class='ocrx_word' id='word_1_183' title='bbox 374 1961 538 2018; x_wconf 83' lang='lat' dir='ltr'>ignem,</span> <span class='ocrx_word' id='word_1_184' title='bbox 573 1961 710 2019; x_wconf 90' lang='lat' dir='ltr'>Verg.</span> <span class='ocrx_word' id='word_1_185' title='bbox 746 1961 917 2020; x_wconf 87' lang='lat' dir='ltr'>Georg.</span> <span class='ocrx_word' id='word_1_186' title='bbox 954 1962 1029 2006; x_wconf 87' lang='lat'>111.</span> <span class='ocrx_word' id='word_1_187' title='bbox 1062 1962 1120 2007; x_wconf 89' lang='grc'>85</span> <span class='ocrx_word' id='word_1_188' title='bbox 1152 1962 1478 2018; x_wconf 83' lang='lat' dir='ltr'>collectumque</span> <span class='ocrx_word' id='word_1_189' title='bbox 1490 1961 1706 2018; x_wconf 90' lang='lat' dir='ltr'>fremens</span> <span class='ocrx_word' id='word_1_190' title='bbox 1727 1960 1871 2005; x_wconf 85' lang='lat' dir='ltr'>volvit</span> 
     </span>
     <span class='ocr_line' id='line_1_23' title="bbox 148 2032 1866 2092; baseline 0 -16"><span class='ocrx_word' id='word_1_191' title='bbox 148 2032 236 2076; x_wconf 85' lang='lat' dir='ltr'>sub</span> <span class='ocrx_word' id='word_1_192' title='bbox 281 2033 472 2077; x_wconf 82' lang='lat' dir='ltr'>naribus</span> <span class='ocrx_word' id='word_1_193' title='bbox 521 2033 674 2089; x_wconf 87' lang='lat' dir='ltr'>ignem</span> <span class='ocrx_word' id='word_1_194' title='bbox 719 2033 878 2092; x_wconf 88' lang='lat' dir='ltr'>(equus</span> <span class='ocrx_word' id='word_1_195' title='bbox 920 2033 1142 2092; x_wconf 89' lang='lat' dir='ltr'>pingitur),</span> <span class='ocrx_word' id='word_1_196' title='bbox 1191 2033 1245 2078; x_wconf 88' lang='lat' dir='ltr'>cf.</span> <span class='ocrx_word' id='word_1_197' title='bbox 1296 2032 1468 2090; x_wconf 88' lang='lat' dir='ltr'>Georg.</span> <span class='ocrx_word' id='word_1_198' title='bbox 1519 2032 1572 2077; x_wconf 92' lang='lat'>11.</span> <span class='ocrx_word' id='word_1_199' title='bbox 1613 2033 1710 2088; x_wconf 86' lang='lat'>140,</span> <span class='ocrx_word' id='word_1_200' title='bbox 1754 2032 1866 2076; x_wconf 87' lang='lat' dir='ltr'>Aen.</span> 
     </span>
     <span class='ocr_line' id='line_1_24' title="bbox 153 2102 1759 2162; baseline -0.002 -14"><span class='ocrx_word' id='word_1_201' title='bbox 153 2102 251 2148; x_wconf 82' lang='lat' dir='ltr'>Vll.</span> <span class='ocrx_word' id='word_1_202' title='bbox 283 2103 398 2159; x_wconf 81' lang='lat'>2813</span> <span class='ocrx_word' id='word_1_203' title='bbox 431 2104 582 2162; x_wconf 77' lang='lat' dir='ltr'>Eurip.</span> <span class='ocrx_word' id='word_1_204' title='bbox 617 2105 711 2150; x_wconf 87' lang='lat' dir='ltr'>Alc.</span> <span class='ocrx_word' id='word_1_205' title='bbox 746 2105 835 2150; x_wconf 85' lang='lat'>509</span> <span class='ocrx_word' id='word_1_206' title='bbox 866 2107 900 2147; x_wconf 69' lang='grc' dir='ltr'>εἰ</span> <span class='ocrx_word' id='word_1_207' title='bbox 929 2105 984 2159; x_wconf 85' lang='grc' dir='ltr'>μή</span> <span class='ocrx_word' id='word_1_208' title='bbox 1016 2122 1060 2158; x_wconf 71' lang='grc' dir='ltr'>γε</span> <span class='ocrx_word' id='word_1_209' title='bbox 1090 2112 1176 2160; x_wconf 82' lang='grc' dir='ltr'>πῦρ</span> <span class='ocrx_word' id='word_1_210' title='bbox 1206 2104 1377 2149; x_wconf 77' lang='grc' dir='ltr'>πνέουσι</span> <span class='ocrx_word' id='word_1_211' title='bbox 1407 2105 1629 2160; x_wconf 82' lang='grc' dir='ltr'><em>μυκτήρων</em></span> <span class='ocrx_word' id='word_1_212' title='bbox 1662 2103 1759 2146; x_wconf 76' lang='grc' dir='ltr'><em>ἄπο.</em></span> 
     </span>
    </p>
   </div>
   <div class='ocr_carea' id='block_1_11' title="bbox 207 2259 1865 2317">
    <p class='ocr_par' dir='ltr' id='par_1_13' title="bbox 207 2259 1865 2317">
     <span class='ocr_line' id='line_1_25' title="bbox 207 2259 1865 2317; baseline -0.001 -13"><span class='ocrx_word' id='word_1_213' title='bbox 207 2259 310 2304; x_wconf 89' lang='lat'>271.</span> <span class='ocrx_word' id='word_1_214' title='bbox 378 2260 722 2305; x_wconf 84' lang='lat' dir='ltr'>adstricti</span> <span class='ocrx_word' id='word_1_215' title='bbox 784 2263 1029 2305; x_wconf 87' lang='lat' dir='ltr'>ventres:</span> <span class='ocrx_word' id='word_1_216' title='bbox 1086 2270 1242 2305; x_wconf 88' lang='lat' dir='ltr'>venter</span> <span class='ocrx_word' id='word_1_217' title='bbox 1287 2273 1377 2305; x_wconf 90' lang='lat' dir='ltr'>non</span> <span class='ocrx_word' id='word_1_218' title='bbox 1426 2261 1640 2317; x_wconf 90' lang='lat' dir='ltr'>pendens,</span> <span class='ocrx_word' id='word_1_219' title='bbox 1703 2271 1865 2314; x_wconf 86' lang='lat' dir='ltr'>macer,</span> 
     </span>
    </p>
   </div>
   <div class='ocr_carea' id='block_1_12' title="bbox 29 2330 1867 2462">
    <p class='ocr_par' dir='ltr' id='par_1_14' title="bbox 29 2330 1867 2462">
     <span class='ocr_line' id='line_1_26' title="bbox 63 2330 1867 2388; baseline -0.002 -11"><span class='ocrx_word' id='word_1_220' title='bbox 63 2363 71 2366; x_wconf 88' lang='lat'>-</span> <span class='ocrx_word' id='word_1_221' title='bbox 149 2331 203 2377; x_wconf 84' lang='lat' dir='ltr'>cf.</span> <span class='ocrx_word' id='word_1_222' title='bbox 240 2331 421 2376; x_wconf 75' lang='lat' dir='ltr'>Nemes,</span> <span class='ocrx_word' id='word_1_223' title='bbox 469 2331 551 2375; x_wconf 92' lang='grc'>110</span> <span class='ocrx_word' id='word_1_224' title='bbox 590 2332 797 2376; x_wconf 90' lang='lat' dir='ltr'>carinam</span> <span class='ocrx_word' id='word_1_225' title='bbox 828 2336 848 2387; x_wconf 77' lang='lat' dir='ltr'><em>s</em></span> <span class='ocrx_word' id='word_1_226' title='bbox 879 2344 998 2388; x_wconf 81' lang='lat' dir='ltr'>quae</span> <span class='ocrx_word' id='word_1_227' title='bbox 1034 2333 1211 2377; x_wconf 89' lang='lat' dir='ltr'>sensim</span> <span class='ocrx_word' id='word_1_228' title='bbox 1249 2344 1411 2376; x_wconf 81' lang='lat' dir='ltr'>rursus</span> <span class='ocrx_word' id='word_1_229' title='bbox 1442 2332 1567 2376; x_wconf 89' lang='lat' dir='ltr'>sicca</span> <span class='ocrx_word' id='word_1_230' title='bbox 1598 2343 1651 2375; x_wconf 92' lang='lat' dir='ltr'>se</span> <span class='ocrx_word' id='word_1_231' title='bbox 1683 2330 1867 2386; x_wconf 89' lang='lat' dir='ltr'>colligat</span> 
     </span>
     <span class='ocr_line' id='line_1_27' title="bbox 29 2402 1867 2462; baseline -0.002 -14"><span class='ocrx_word' id='word_1_232' title='bbox 29 2411 31 2415; x_wconf 86' lang='grc'><em>·</em></span> <span class='ocrx_word' id='word_1_233' title='bbox 80 2423 84 2428; x_wconf 93' lang='grc'>·</span> <span class='ocrx_word' id='word_1_234' title='bbox 147 2403 255 2448; x_wconf 86' lang='lat' dir='ltr'>alvo</span> <span class='ocrx_word' id='word_1_235' title='bbox 283 2402 358 2462; x_wconf 91' lang='lat'>(=</span> <span class='ocrx_word' id='word_1_236' title='bbox 391 2416 504 2461; x_wconf 89' lang='lat' dir='ltr'>quae</span> <span class='ocrx_word' id='word_1_237' title='bbox 535 2405 700 2448; x_wconf 89' lang='lat' dir='ltr'>sensim</span> <span class='ocrx_word' id='word_1_238' title='bbox 722 2404 1006 2448; x_wconf 87' lang='lat' dir='ltr'>contrahatur</span> <span class='ocrx_word' id='word_1_239' title='bbox 1030 2414 1073 2449; x_wconf 89' lang='lat' dir='ltr'>et</span> <span class='ocrx_word' id='word_1_240' title='bbox 1102 2404 1307 2462; x_wconf 87' lang='lat' dir='ltr'>gracilior</span> <span class='ocrx_word' id='word_1_241' title='bbox 1335 2404 1420 2459; x_wconf 83' lang='lat' dir='ltr'>fiat,</span> <span class='ocrx_word' id='word_1_242' title='bbox 1443 2405 1500 2448; x_wconf 89' lang='lat' dir='ltr'>ita</span> <span class='ocrx_word' id='word_1_243' title='bbox 1521 2413 1567 2448; x_wconf 89' lang='lat' dir='ltr'>ut</span> <span class='ocrx_word' id='word_1_244' title='bbox 1589 2416 1678 2448; x_wconf 92' lang='lat' dir='ltr'>non</span> <span class='ocrx_word' id='word_1_245' title='bbox 1702 2402 1867 2447; x_wconf 83' lang='lat' dir='ltr'>diffluat</span> 
     </span>
    </p>
   </div>
   <div class='ocr_carea' id='block_1_13' title="bbox 0 0 65 3568">
    <p class='ocr_par' dir='ltr' id='par_1_15' title="bbox 0 0 65 3568">
     <span class='ocr_line' id='line_1_28' title="bbox 0 0 65 3568; baseline 0 0"><span class='ocrx_word' id='word_1_246' title='bbox 0 0 65 3568; x_wconf 95' lang='lat' dir='ltr'> </span> 
     </span>
    </p>
   </div>
   <div class='ocr_carea' id='block_1_14' title="bbox 148 2474 1864 2606">
    <p class='ocr_par' dir='ltr' id='par_1_16' title="bbox 148 2474 1864 2606">
     <span class='ocr_line' id='line_1_29' title="bbox 149 2474 1864 2534; baseline -0.002 -14"><span class='ocrx_word' id='word_1_247' title='bbox 149 2474 434 2534; x_wconf 80' lang='lat' dir='ltr'>pinguedine)</span> <span class='ocrx_word' id='word_1_248' title='bbox 475 2475 528 2520; x_wconf 81' lang='lat' dir='ltr'>Cf.</span> <span class='ocrx_word' id='word_1_249' title='bbox 573 2474 768 2520; x_wconf 82' lang='lat' dir='ltr'>Ps·Xen.</span> <span class='ocrx_word' id='word_1_250' title='bbox 817 2474 994 2534; x_wconf 86' lang='lat' dir='ltr'>Cyneg.</span> <span class='ocrx_word' id='word_1_251' title='bbox 1029 2477 1057 2520; x_wconf 89' lang='grc'><strong>4</strong></span> <span class='ocrx_word' id='word_1_252' title='bbox 1098 2482 1130 2520; x_wconf 87' lang='lat' dir='ltr'>l.</span> <span class='ocrx_word' id='word_1_253' title='bbox 1179 2479 1233 2518; x_wconf 83' lang='grc' dir='ltr'>τὰ</span> <span class='ocrx_word' id='word_1_254' title='bbox 1280 2477 1475 2520; x_wconf 70' lang='grc' dir='ltr'><em>κάτωθεν</em></span> <span class='ocrx_word' id='word_1_255' title='bbox 1524 2483 1607 2519; x_wconf 81' lang='grc' dir='ltr'>τῶν</span> <span class='ocrx_word' id='word_1_256' title='bbox 1655 2474 1864 2518; x_wconf 75' lang='grc' dir='ltr'>κενεώνων</span> 
     </span>
     <span class='ocr_line' id='line_1_30' title="bbox 148 2545 1407 2606; baseline -0.001 -16"><span class='ocrx_word' id='word_1_257' title='bbox 148 2545 316 2603; x_wconf 81' lang='grc' dir='ltr'><strong><em>λαγαρά</em></strong></span> <span class='ocrx_word' id='word_1_258' title='bbox 346 2547 553 2606; x_wconf 83' lang='lat' dir='ltr'>(gracilia,</span> <span class='ocrx_word' id='word_1_259' title='bbox 587 2546 750 2605; x_wconf 82' lang='lat' dir='ltr'>tenuia)</span> <span class='ocrx_word' id='word_1_260' title='bbox 781 2549 851 2589; x_wconf 86' lang='grc' dir='ltr'>καὶ</span> <span class='ocrx_word' id='word_1_261' title='bbox 883 2549 1037 2596; x_wconf 81' lang='grc' dir='ltr'><strong><em>αὐτοὺς</em></strong></span> <span class='ocrx_word' id='word_1_262' title='bbox 1068 2548 1165 2597; x_wconf 80' lang='grc' dir='ltr'>τούς</span> <span class='ocrx_word' id='word_1_263' title='bbox 1197 2555 1407 2596; x_wconf 75' lang='grc' dir='ltr'><strong><em>κενεῶνας.</em></strong></span> 
     </span>
    </p>
   </div>
   <div class='ocr_carea' id='block_1_15' title="bbox 143 2701 1865 3189">
    <p class='ocr_par' dir='ltr' id='par_1_17' title="bbox 143 2701 1865 3189">
     <span class='ocr_line' id='line_1_31' title="bbox 208 2701 1864 2749; baseline -0.003 -1"><span class='ocrx_word' id='word_1_264' title='bbox 208 2702 310 2748; x_wconf 89' lang='grc'><strong>272.</strong></span> <span class='ocrx_word' id='word_1_265' title='bbox 374 2702 548 2747; x_wconf 86' lang='lat' dir='ltr'>cauda</span> <span class='ocrx_word' id='word_1_266' title='bbox 593 2702 794 2747; x_wconf 89' lang='lat' dir='ltr'>brevis:</span> <span class='ocrx_word' id='word_1_267' title='bbox 841 2713 883 2747; x_wconf 92' lang='lat' dir='ltr'>et</span> <span class='ocrx_word' id='word_1_268' title='bbox 929 2703 1030 2747; x_wconf 89' lang='lat' dir='ltr'>hinc</span> <span class='ocrx_word' id='word_1_269' title='bbox 1079 2704 1282 2749; x_wconf 90' lang='lat' dir='ltr'>videmus</span> <span class='ocrx_word' id='word_1_270' title='bbox 1333 2702 1557 2748; x_wconf 86' lang='lat' dir='ltr'>Grattium</span> <span class='ocrx_word' id='word_1_271' title='bbox 1599 2701 1864 2746; x_wconf 81' lang='lat' dir='ltr'>bellicosum</span> 
     </span>
     <span class='ocr_line' id='line_1_32' title="bbox 149 2771 1864 2832; baseline -0.003 -12"><span class='ocrx_word' id='word_1_272' title='bbox 149 2787 304 2820; x_wconf 88' lang='lat' dir='ltr'>canem</span> <span class='ocrx_word' id='word_1_273' title='bbox 352 2774 606 2831; x_wconf 88' lang='lat' dir='ltr'>depingere,</span> <span class='ocrx_word' id='word_1_274' title='bbox 655 2775 725 2818; x_wconf 92' lang='lat' dir='ltr'>cui</span> <span class='ocrx_word' id='word_1_275' title='bbox 758 2775 967 2819; x_wconf 86' lang='lat' dir='ltr'>velocitas</span> <span class='ocrx_word' id='word_1_276' title='bbox 998 2787 1087 2819; x_wconf 92' lang='lat' dir='ltr'>non</span> <span class='ocrx_word' id='word_1_277' title='bbox 1122 2776 1263 2832; x_wconf 86' lang='lat' dir='ltr'>prima</span> <span class='ocrx_word' id='word_1_278' title='bbox 1295 2777 1348 2819; x_wconf 89' lang='lat' dir='ltr'>sit</span> <span class='ocrx_word' id='word_1_279' title='bbox 1382 2777 1546 2829; x_wconf 88' lang='lat' dir='ltr'>virtus;</span> <span class='ocrx_word' id='word_1_280' title='bbox 1579 2775 1641 2818; x_wconf 90' lang='lat' dir='ltr'>sic</span> <span class='ocrx_word' id='word_1_281' title='bbox 1673 2782 1716 2817; x_wconf 91' lang='lat' dir='ltr'>et</span> <span class='ocrx_word' id='word_1_282' title='bbox 1747 2771 1864 2828; x_wconf 88' lang='lat' dir='ltr'>apud</span> 
     </span>
     <span class='ocr_line' id='line_1_33' title="bbox 153 2843 1864 2896; baseline -0.004 -4"><span class='ocrx_word' id='word_1_283' title='bbox 153 2844 450 2892; x_wconf 88' lang='lat' dir='ltr'>Columellam</span> <span class='ocrx_word' id='word_1_284' title='bbox 483 2845 582 2890; x_wconf 92' lang='lat' dir='ltr'>V11.</span> <span class='ocrx_word' id='word_1_285' title='bbox 622 2845 674 2889; x_wconf 89' lang='grc'>12</span> <span class='ocrx_word' id='word_1_286' title='bbox 705 2845 874 2890; x_wconf 90' lang='lat' dir='ltr'>canis</span> <span class='ocrx_word' id='word_1_287' title='bbox 905 2845 1227 2891; x_wconf 85' lang='lat' dir='ltr'>villaticas</span> <span class='ocrx_word' id='word_1_288' title='bbox 1264 2847 1445 2890; x_wconf 85' lang='lat' dir='ltr'>brevem</span> <span class='ocrx_word' id='word_1_289' title='bbox 1477 2845 1676 2890; x_wconf 82' lang='lat' dir='ltr'>caudam</span> <span class='ocrx_word' id='word_1_290' title='bbox 1713 2843 1864 2896; x_wconf 60' lang='lat' dir='ltr'>haben</span> 
     </span>
     <span class='ocr_line' id='line_1_34' title="bbox 149 2917 1865 2974; baseline -0.003 -11"><span class='ocrx_word' id='word_1_291' title='bbox 149 2929 232 2963; x_wconf 86' lang='lat' dir='ltr'>nec</span> <span class='ocrx_word' id='word_1_292' title='bbox 276 2918 482 2973; x_wconf 83' lang='lat' dir='ltr'>multum,</span> <span class='ocrx_word' id='word_1_293' title='bbox 529 2919 667 2974; x_wconf 90' lang='lat' dir='ltr'>inquit</span> <span class='ocrx_word' id='word_1_294' title='bbox 714 2918 797 2973; x_wconf 90' lang='lat' dir='ltr'>ille,</span> <span class='ocrx_word' id='word_1_295' title='bbox 830 2917 974 2974; x_wconf 85' lang='lat' dir='ltr'>refert</span> <span class='ocrx_word' id='word_1_296' title='bbox 1005 2931 1068 2963; x_wconf 92' lang='lat' dir='ltr'>an</span> <span class='ocrx_word' id='word_1_297' title='bbox 1097 2919 1295 2963; x_wconf 86' lang='lat' dir='ltr'>villatici</span> <span class='ocrx_word' id='word_1_298' title='bbox 1325 2917 1591 2973; x_wconf 82' lang='lat' dir='ltr'>corporibus</span> <span class='ocrx_word' id='word_1_299' title='bbox 1619 2926 1788 2972; x_wconf 85' lang='lat' dir='ltr'>graves</span> <span class='ocrx_word' id='word_1_300' title='bbox 1819 2917 1865 2958; x_wconf 87' lang='lat' dir='ltr'>et</span> 
     </span>
     <span class='ocr_line' id='line_1_35' title="bbox 143 2988 1863 3048; baseline -0.003 -14"><span class='ocrx_word' id='word_1_301' title='bbox 143 3001 314 3046; x_wconf 85' lang='lat' dir='ltr'>param</span> <span class='ocrx_word' id='word_1_302' title='bbox 358 2990 537 3034; x_wconf 85' lang='lat' dir='ltr'>veloces</span> <span class='ocrx_word' id='word_1_303' title='bbox 582 2990 703 3034; x_wconf 86' lang='lat' dir='ltr'>sint:</span> <span class='ocrx_word' id='word_1_304' title='bbox 743 2990 853 3045; x_wconf 83' lang='lat' dir='ltr'>plus</span> <span class='ocrx_word' id='word_1_305' title='bbox 899 2990 1022 3048; x_wconf 88' lang='lat' dir='ltr'>enim</span> <span class='ocrx_word' id='word_1_306' title='bbox 1068 2991 1325 3035; x_wconf 80' lang='lat' dir='ltr'>comminus</span> <span class='ocrx_word' id='word_1_307' title='bbox 1373 2993 1418 3034; x_wconf 91' lang='lat' dir='ltr'>et</span> <span class='ocrx_word' id='word_1_308' title='bbox 1452 2990 1500 3033; x_wconf 90' lang='lat' dir='ltr'>in</span> <span class='ocrx_word' id='word_1_309' title='bbox 1527 2988 1691 3044; x_wconf 82' lang='lat' dir='ltr'>gradu,</span> <span class='ocrx_word' id='word_1_310' title='bbox 1724 2997 1863 3042; x_wconf 81' lang='lat' dir='ltr'>qaam</span> 
     </span>
     <span class='ocr_line' id='line_1_36' title="bbox 149 3058 1864 3119; baseline -0.002 -13"><span class='ocrx_word' id='word_1_311' title='bbox 149 3061 331 3106; x_wconf 81' lang='lat' dir='ltr'>eminas</span> <span class='ocrx_word' id='word_1_312' title='bbox 377 3065 422 3105; x_wconf 88' lang='lat' dir='ltr'>et</span> <span class='ocrx_word' id='word_1_313' title='bbox 469 3061 517 3105; x_wconf 90' lang='lat' dir='ltr'>in</span> <span class='ocrx_word' id='word_1_314' title='bbox 556 3061 774 3119; x_wconf 15' lang='lat' dir='ltr'>*spatioso</span> <span class='ocrx_word' id='word_1_315' title='bbox 820 3072 957 3106; x_wconf 82' lang='lat' dir='ltr'>cursu</span> <span class='ocrx_word' id='word_1_316' title='bbox 979 3061 1145 3118; x_wconf 89' lang='lat' dir='ltr'>facere</span> <span class='ocrx_word' id='word_1_317' title='bbox 1176 3062 1354 3113; x_wconf 86' lang='lat' dir='ltr'>debent,</span> <span class='ocrx_word' id='word_1_318' title='bbox 1390 3072 1499 3105; x_wconf 90' lang='lat' dir='ltr'>nam</span> <span class='ocrx_word' id='word_1_319' title='bbox 1530 3071 1715 3115; x_wconf 85' lang='lat' dir='ltr'>semper</span> <span class='ocrx_word' id='word_1_320' title='bbox 1742 3058 1864 3102; x_wconf 90' lang='lat' dir='ltr'>circa</span> 
     </span>
     <span class='ocr_line' id='line_1_37' title="bbox 146 3130 1862 3189; baseline -0.003 -11"><span class='ocrx_word' id='word_1_321' title='bbox 146 3137 315 3189; x_wconf 85' lang='lat' dir='ltr'>saepta</span> <span class='ocrx_word' id='word_1_322' title='bbox 361 3137 406 3178; x_wconf 87' lang='lat' dir='ltr'>et</span> <span class='ocrx_word' id='word_1_323' title='bbox 448 3133 570 3177; x_wconf 89' lang='lat' dir='ltr'>intra</span> <span class='ocrx_word' id='word_1_324' title='bbox 602 3133 869 3189; x_wconf 82' lang='lat' dir='ltr'>aedificium</span> <span class='ocrx_word' id='word_1_325' title='bbox 899 3134 1165 3189; x_wconf 84' lang='lat' dir='ltr'>consistere,</span> <span class='ocrx_word' id='word_1_326' title='bbox 1201 3135 1339 3178; x_wconf 89' lang='lat' dir='ltr'>immo</span> <span class='ocrx_word' id='word_1_327' title='bbox 1372 3144 1429 3177; x_wconf 88' lang='lat' dir='ltr'>ne</span> <span class='ocrx_word' id='word_1_328' title='bbox 1461 3131 1645 3188; x_wconf 82' lang='lat' dir='ltr'>longius</span> <span class='ocrx_word' id='word_1_329' title='bbox 1678 3130 1862 3186; x_wconf 83' lang='lat' dir='ltr'>quidem</span> 
     </span>
    </p>
   </div>
  </div>
 </body>
</html>
