2210 3568
1211 230 1270 274 56

382 363 517 404 notas
548 369 667 404 recte
694 360 1003 415 interpretatur
1035 358 1255 403 Vollmer:
1292 359 1412 412 „loca
1443 361 1486 404 in
1518 361 1653 417 stirpe
1683 361 1757 405 ubi
1788 363 1899 406 rami
1927 373 2073 409 enm)-

382 430 542 487 punt;'’
587 429 783 484 stringe:
828 429 944 473 idem
990 428 1187 474 Vollmer
1229 430 1438 486 explicat:
1476 431 1705 485 „decide’';
1751 433 2083 498 gemmantis,

380 500 534 556 exige
578 511 790 544 versus:
837 499 938 544 tolle
978 512 1202 544 ramorum
1248 502 1502 545 exeuntium
1551 502 1729 546 ordines
1775 503 1870 547 sive
1914 505 2078 560 series;

374 571 652 628 gemmantis
681 571 734 615 cf.
772 569 933 623 Culex,
954 570 1032 615 70:
1061 575 1367 627 gemmantes.
1387 604 1425 615 ..
1452 583 1537 626 per
1557 572 1732 616 herbas.
1762 573 1858 626 145,
1886 573 1979 618 146.
2003 573 2072 621 Ex

378 643 484 687 locis
505 642 742 687 vulneratis
763 641 837 699 (ex
858 654 947 699 quo
977 654 1176 699 gemmae
1197 652 1297 687 sunt
1318 641 1507 700 decisae)
1532 643 1693 687 defluet
1718 655 1849 688 umor
1870 645 2073 698 nocivus,

378 714 450 770 qui
497 714 680 758 vitiosos
724 712 821 757 illos
866 724 1014 757 ramos
1060 713 1144 766 alit,
1185 723 1226 757 et
1268 726 1405 757 venas
1451 713 1549 770 (per
1580 726 1689 770 quas
1718 726 1848 758 umor
1879 713 1988 773 fluit)
2016 715 2074 763 ita

377 784 561 837 durabit,
592 793 637 828 ut
669 784 838 828 inertes
868 784 983 837 fiant,
1014 786 1041 828 i.
1073 797 1110 829 e.
1142 794 1188 828 ut
1219 797 1307 829 non
1341 786 1426 828 iam
1458 778 1612 830 sucum
1635 785 1833 830 adferant
1854 786 1908 830 ad
1929 797 2074 832 novos
2115 828 2118 831 A
2188 785 2205 820 ³5

375 866 523 899 ramos
539 855 731 900 alendos.
752 855 915 899 Vitium
932 865 1050 900 recte
1065 857 1372 913 interpretatur
1386 855 1584 900 Vollmer
1609 858 1859 901 vitiosos
1886 869 2072 902 remos.

375 923 561 981 Sufficit
605 945 664 962 =
708 927 900 983 praebet,
947 926 999 970 cf.
1041 927 1151 970 infra
1192 926 1291 970 530.
1344 925 1462 970 Cum
1495 936 1585 971 toto
1616 927 1715 971 loco
1746 927 2071 984 comparandus

376 995 510 1052 Verg.
561 994 729 1053 Georg.
779 996 810 1049 1,
853 996 910 1040 84
942 1009 1045 1053 sqq:
1078 1006 1219 1052 saepe
1248 992 1388 1041 etiam
1418 997 1591 1041 sterilis
1623 997 1862 1053 incendere
1888 996 2070 1054 profuit
2110 1013 2115 1019 ·

372 1077 509 1122 agros
538 1070 559 1122 s
587 1070 725 1122 atque
754 1068 899 1111 levem
928 1067 1147 1122 stipulam
1177 1067 1503 1122 crepitantibus
1535 1080 1675 1112 urerer
1686 1068 1910 1125 flammis,
1931 1068 1951 1126 l
1969 1068 2071 1113 sive

375 1137 481 1182 inde
527 1139 727 1182 occultas
772 1138 894 1182 vires
938 1142 983 1181 et
1008 1138 1181 1193 pabula
1210 1142 1360 1182 terrae
1389 1142 1408 1192 s
1435 1138 1630 1194 pinguia
1659 1139 1932 1194 concipiunt,
1962 1139 2064 1184 sive

375 1208 467 1252 illis
497 1208 630 1253 omne
655 1220 740 1263 per
771 1209 920 1264 ignem
948 1208 968 1265 l
1000 1209 1264 1264 excoquitur
1292 1209 1504 1253 vitium
1534 1213 1673 1265 atque
1697 1210 1869 1254 exudat
1889 1209 2068 1255 inutilis

374 1290 515 1334 umor,
545 1283 565 1334 s
594 1290 678 1323 seu
706 1279 854 1334 pluris
883 1280 1007 1323 calor
1037 1279 1113 1323 ille
1141 1279 1246 1323 vias
1276 1283 1321 1324 et
1351 1291 1488 1324 caeca
1517 1281 1696 1324 relaxat
1725 1280 2062 1336 [spiramenta

373 1361 518 1394 novas
547 1349 704 1394 veniat
734 1361 824 1405 qua
854 1361 994 1394 sucus
1025 1350 1073 1394 in
1094 1351 1398 1405 herbas,sseu
1429 1351 1605 1394 durat
1635 1351 1785 1406 magis
1809 1354 1855 1395 et
1882 1362 2070 1396 venas

372 1420 618 1476 adstringit
648 1420 834 1465 hiantis

435 1490 523 1535 Hic
572 1491 694 1536 locus
745 1505 844 1536 eum
899 1490 1058 1536 Grattii
1109 1493 1310 1536 versibus
1360 1492 1541 1536 collatus
1589 1493 1750 1537 docere
1794 1504 1878 1537 nos
1923 1501 2067 1549 potest

371 1562 596 1618 quomodo
642 1572 770 1619 poeta
817 1564 1041 1607 venaticus
1086 1564 1296 1607 imitetur:
1343 1576 1445 1607 nam
1477 1564 1574 1607 licet
1606 1564 1740 1607 verba
1771 1563 1978 1608 nonnulla
2009 1564 2064 1608 ad

372 1631 572 1676 Maronis
621 1633 799 1690 elegerit
849 1634 1116 1690 exemplum,
1162 1643 1305 1678 tamen
1352 1635 1458 1678 novi
1505 1635 1664 1690 aliquid
1709 1643 1858 1678 narrat
1902 1646 2062 1692 resque

371 1712 536 1758 tractat,
566 1715 678 1760 quae
708 1705 763 1747 ab
793 1705 859 1758 iis,
891 1716 1003 1760 quae
1033 1704 1148 1760 apud
1181 1704 1423 1761 Vergilium
1456 1705 1652 1761 legimus,
1685 1706 1812 1762 plane
1834 1705 2065 1760 differunt;

371 1774 487 1818 idem
518 1774 677 1818 docent
708 1787 773 1818 vs.
806 1774 907 1830 377,
940 1774 1039 1818 410.
1665 1831 1667 1834 Α

428 1843 501 1889 Sic
532 1857 706 1901 quoque
737 1847 1019 1902 perspicuum
1051 1855 1130 1901 est,
1162 1858 1240 1890 cur
1270 1855 1421 1890 noster
1451 1855 1594 1890 utatur
1626 1846 1843 1891 vocabulo
1863 1846 1936 1892 illo
1956 1849 2062 1892 satis

370 1915 561 1959 obscuro
590 1915 778 1959 vitium:
807 1929 865 1960 ex
897 1916 1092 1973 Vergilio
1122 1917 1402 1973 desumptum
1437 1926 1515 1960 est.

434 2055 527 2100 147.
590 2057 748 2111 plena
779 2069 968 2103 manu:
998 2070 1212 2114 quaenam
1243 2059 1454 2102 sententia
1483 2060 1536 2102 sit
1567 2058 1726 2102 horum
1743 2051 2077 2103 vocabulorum*

369 2128 624 2171 dissentiunt
664 2129 746 2171 viri
788 2128 915 2172 docti.
950 2128 1233 2172 Burmannus
1264 2129 1420 2173 collato
1453 2128 1631 2173 Petron.
1664 2128 1722 2172 46
1753 2139 1892 2172 manu
1919 2129 2060 2183 plena

367 2198 468 2241 eius
513 2200 729 2253 scapulas
773 2199 1026 2243 verberavit
1069 2201 1377 2274 interpretatur
1422 2199 1588 2252 valide,
1634 2209 1681 2243 ut
1725 2208 1876 2243 contra
1913 2197 2059 2255 digito

366 2272 552 2324 tangere
583 2289 638 2306 =
669 2269 839 2313 leviter

432 2339 525 2384 148.
558 2340 683 2383 dum
705 2339 976 2393 pomiferis
998 2340 1294 2384 advertitur
1325 2346 1536 2393 annus]
1549 2339 1848 2385 frondibus:
1869 2360 1927 2376 ==
1947 2340 2052 2384 dum

366 2420 599 2455 autumnus
615 2413 933 2467 appropinquat
950 2413 1179 2455 arboribus
1195 2424 1325 2468 poma
1343 2412 1601 2466 ferentibus;
1623 2423 1774 2456 annus
1791 2410 2058 2456 Germanice

371 2481 676 2537 „Jahreszeit,”
709 2481 890 2537 Anglice
924 2483 1151 2537 „season,’'
1183 2492 1229 2526 ut
1260 2481 1415 2526 Tibull.
1452 2482 1481 2527 1.
1521 2483 1555 2526 1.
1594 2482 1664 2526 13:
1688 2482 2059 2537 etquodcumque

366 2551 480 2595 mihi
511 2563 698 2606 pomum
734 2563 880 2595 novus
911 2553 1074 2596 educat
1113 2564 1316 2605 annuS,
1360 2553 1494 2610 Verg.
1541 2552 1708 2609 Georg.
1748 2552 1802 2607 11,
1834 2551 1942 2596 516:
1976 2563 2059 2597 nec

364 2623 544 2678 requies
595 2622 705 2678 quin
753 2626 845 2666 aut,
881 2623 1031 2677 pomis
1081 2623 1293 2667 exuberet
1343 2635 1559 2676 annus,.
1596 2621 1753 2668 Horati
1803 2622 1877 2678 111,
1922 2622 1994 2667 23.
2025 2622 2056 2667 8

360 2692 659 2749 pomifero
698 2705 839 2749 grave
869 2696 1047 2748 tempus
1088 2705 1265 2737 anno:
1295 2694 1362 2738 his
1403 2706 1578 2750 quoque
1608 2695 1716 2738 locis
1747 2705 1858 2738 voce
1887 2704 2055 2746 annus,

367 2764 655 2819 „autumnus”
700 2764 976 2820 significatur.
1025 2762 1149 2808 Tunc
1194 2765 1310 2808 enim
1354 2763 1598 2822 (autumno)
1643 2773 1816 2820 tempus
1846 2763 2052 2809 idoneum

364 2836 595 2879 arboribus
625 2834 870 2889 caedendis,
903 2834 955 2878 cs.
994 2834 1176 2879 Hesiod.
1205 2835 1364 2889 Ἔργα,
1396 2834 1641 2879 414-422,

417 2905 663 2962 pomiferis
683 2905 958 2962 frondibus:
989 2906 1114 2949 ablat.
1133 2906 1276 2961 qualit.
1311 2927 1366 2943 =
1399 2916 1571 2962 tempus
1602 2906 1715 2960 anni,
1748 2917 1848 2950 cum
1871 2905 2053 2949 arbores

361 2989 492 3033 poma
524 2977 680 3021 ferunt.
714 2975 761 3021 Si
793 2977 854 3020 sic
885 2977 1233 3032 interpretamur.
1257 2977 1373 3020 nulla
1396 2989 1508 3033 opus
1529 2985 1594 3021 est
1615 2977 1886 3031 coniectura;
1908 2977 2051 3020 minus

360 3048 476 3091 enim
508 3048 613 3091 felix
643 3048 727 3091 hoc
757 3047 855 3091 loco
888 3046 1099 3100 Vollmer,
1117 3048 1203 3103 qui,
1226 3060 1307 3103 pro
1329 3047 1581 3091 advertitur
1599 3048 1795 3091 scribens
1816 3046 2049 3100 avertitur,

360 3129 512 3163 annus
546 3118 782 3172 „fructus’ss
813 3117 1033 3161 avertitur
1067 3117 1368 3173 „decerpitur”
1400 3118 1598 3174 explicat.
1653 3116 1773 3161 Licet
1803 3128 1955 3161 annas
1987 3118 2049 3160 sic

2203 1427 2208 1436 -
2190 1366 2210 1380 5'.
2207 1346 2210 1347 ,
2195 1236 2210 1330 Ᾱᾶυνιζ.
2200 1223 2202 1227 *
2198 1178 2210 1214 ειη.
2190 911 2210 1169 4..2-:=‘:x'=2-·‹³».<v'-“1-*‹:522
2190 849 2205 898 ἈΒ
