2210 3568
1099 276 1111 296 f
1163 253 1224 298 68

406 387 580 431 mater
610 382 880 429 Umbrica:
910 384 1040 427 etiam
1073 382 1207 441 Verg.
1243 382 1352 427 Aen.
1386 381 1587 427 xl1.753
1606 381 1828 427 Umbrum
1843 381 2047 428 vividum

347 466 504 512 vocat;
535 456 590 500 cf.
628 454 851 500 Grattium
884 466 948 499 vs.
989 452 1083 498 172.

407 526 593 572 Gallis.
634 526 752 570 idem
791 533 892 570 sunt
933 526 1007 581 qui
1043 537 1178 582 supra
1213 523 1369 569 Celtae
1399 523 1473 581 (=
1508 523 1706 578 Galatae,
1739 523 1871 568 Asiae
1900 522 2101 582 canes)

349 598 634 657 appellantur.

416 738 510 783 195.
543 748 765 783 sensum
796 735 1012 792 agilem:
1043 736 1287 794 agilitatem.

408 808 646 854 animos.
679 808 898 854 virtutem.

410 879 663 926 Gelonae:
704 878 761 923 cf.
802 891 937 936 supra
978 891 1045 923 vs,
1097 878 1177 950 157
1220 890 1352 923 arma
1387 880 1557 934 negant
1585 879 1743 923 contra
1773 878 2053 932 martemque

352 951 489 997 odere
521 948 695 997 Geloni.
2029 971 2031 973 -

416 1091 510 1136 196.
542 1090 822 1147 Hyrcano:
853 1090 908 1136 cf.
946 1102 1082 1148 supra
1112 1102 1180 1135 vs.
1218 1089 1312 1135 167.
1599 1075 1607 1105 *

411 1175 587 1207 vanae
617 1164 854 1207 tantum.
874 1196 913 1206 ..
953 1161 1167 1217 linguae
1198 1167 1218 1214 Ι
1256 1195 1266 1205 .
1286 1194 1296 1205 .
1316 1160 1554 1205 .vitium:
1584 1159 1845 1205 vocabulum
1875 1160 2055 1205 tantam

354 1235 500 1279 multis
530 1234 738 1290 languere
770 1235 916 1277 visum
947 1242 1026 1287 est,
1057 1245 1115 1277 ex
1147 1233 1304 1288 quibus
1339 1232 1550 1276 Heinsius
1565 1231 1791 1275 inFeliciter
1809 1230 2055 1282 incautum,

357 1304 557 1350 Sternius
588 1307 748 1348 natum
782 1305 1011 1360 proposuit
1046 1301 1298 1356 „naturale”
1329 1304 1631 1359 interpretans.
1694 1300 1803 1359 Ego,
1834 1301 2054 1358 vulgatam

354 1385 473 1421 recte
502 1388 551 1420 se
582 1375 746 1420 habere
778 1384 911 1429 ratus,
930 1374 1248 1419 vocabulorum
1279 1385 1458 1418 sensum
1490 1375 1552 1418 sic
1578 1384 1780 1429 expono:
1807 1370 2056 1427 Calydonia

352 1448 520 1497 <canis>
559 1454 724 1490 tantum
766 1445 839 1503 (=
883 1444 1256 1501 molestissimum)
1286 1444 1458 1501 linguae
1489 1456 1628 1488 vanae
1660 1444 1813 1489 vitium
1843 1451 1989 1497 exuet,
2020 1442 2057 1486 si

354 1530 379 1562 a
415 1526 538 1574 patre
572 1515 772 1561 Molosso
807 1528 944 1573 genus
975 1514 1117 1559 trahit

418 1586 736 1641 Calydonia:
768 1599 898 1643 quam
930 1598 1078 1642 supra,
1111 1599 1152 1630 v.
1193 1584 1288 1640 187,
1320 1584 1529 1630 Aetolum
1550 1583 2056 1642 nominavit3<Calydon

358 1660 465 1703 urbs
494 1667 561 1703 est
593 1657 803 1712 Aetoliae,
835 1657 952 1700 unde
985 1655 1156 1700 Aetolia
1192 1654 1499 1713 „Calydonia”
1531 1658 1683 1700 vocari
1714 1664 1869 1713 potest.

421 1799 515 1844 197.
548 1798 736 1844 exibit:
767 1798 961 1842 exeundi
994 1798 1179 1841 verbum
1213 1796 1283 1840 hic
1314 1797 1587 1840 transitivum
1608 1804 1687 1851 est,
1710 1796 1762 1841 cf.
1791 1795 1926 1853 Verg.
1946 1786 2055 1841 Aen.

360 1870 415 1915 V.
434 1870 521 1914 438
552 1881 735 1924 corpore
766 1869 860 1912 tela
892 1868 1025 1912 modo
1056 1869 1193 1922 atque
1224 1867 1369 1911 oculis
1400 1867 1698 1922 vigilantibus
1725 1866 1821 1910 exit
1829 1880 1844 1918 ,·
1863 1866 1937 1910 Xl.
1955 1867 2056 1911 750.

358 1941 451 1985 vim
481 1940 655 1984 viribus
686 1939 807 1994 exit,·
838 1939 1010 1983 Lucret.
1046 1938 1101 1983 V.
1142 1937 1253 1981 1330
1286 1950 1393 1982 nam
1424 1941 1688 1981 transversa
1709 1936 1844 1993 feros
1860 1937 2060 1982 exibant

360 2012 512 2056 dentis
540 2012 733 2055 adactas
763 2015 783 2065 s
815 2010 1017 2055 iumenta
1034 2023 1049 2061 ,·
1081 2008 1231 2052 Manil.
1266 2008 1319 2053 V.
1344 2008 1424 2052 164
1456 2019 1575 2051 nunc
1604 2008 1729 2051 exire
1743 2008 1859 2052 levis
1874 2008 2077 2061 missas,-

362 2094 481 2128 nunc
519 2082 695 2126 mittere
733 2082 917 2137 palmas
927 2094 942 2134 ;
983 2080 1098 2137 apud
1141 2088 1342 2124 nostrum
1385 2092 1450 2123 vs.
1488 2078 1574 2121 414
1604 2078 1730 2122 disce
1759 2078 1864 2127 vias
1894 2082 1939 2122 et
1969 2090 2060 2134 qua

360 2153 488 2207 sinit,
532 2153 709 2196 artibus
745 2152 855 2206 *exi;
900 2151 987 2196 495
1031 2162 1116 2196 sea
1155 2150 1240 2195 tibi
1266 2149 1480 2207 fatorum
1509 2149 1636 2193 labes
1665 2149 1790 2193 exire
1819 2149 2060 2205 minasque

359 2235 470 2270 cura
496 2234 635 2280 przor.

422 2364 523 2428 ⁴198.
584 2364 785 2409 scilicet
840 2375 908 2409 ex
958 2362 1106 2408 omni
1154 2362 1338 2407 florem
1390 2361 1589 2406 virtute
1639 2362 1954 2416 capessunt:
2004 2373 2062 2406 ex

365 2437 568 2482 omnibus
599 2437 733 2493 patris
765 2436 1003 2492 matrisque
1035 2434 1264 2478 virtutibus
1296 2433 1465 2487 florem,
1497 2434 1522 2476 i.
1555 2444 1593 2477 e.
1625 2432 1669 2476 id
1699 2432 1818 2489 quod
1848 2433 2060 2489 optimum

363 2516 443 2563 est,
474 2515 682 2565 promunt
713 2505 853 2550 catuli.

431 2647 524 2692 199.
572 2647 837 2702 sequitur:
877 2647 1081 2701 intrans.;
1113 2644 1374 2689 transfertur
1404 2644 1512 2688 haec
1544 2643 1694 2701 figura,
1726 2645 1769 2687 id
1800 2645 1919 2700 quod
1950 2645 2061 2689 bene

370 2719 545 2764 adnotat
577 2718 789 2772 Vollmer,
823 2730 846 2761 a
878 2729 978 2761 cera
1010 2728 1122 2772 quae
1154 2729 1331 2760 manum
1364 2715 1536 2759 artificis
1566 2715 1699 2770 sequi
1730 2715 1921 2769 videtur;
1955 2729 1996 2760 v.
2019 2715 2060 2758 d.

374 2788 542 2834 Cureio
571 2801 662 2833 non
694 2797 812 2832 recte
841 2799 922 2831 eos
950 2787 1145 2844 supplet:
1182 2787 1247 2840 „la
1277 2795 1431 2830 natura
1462 2786 1490 2829 li
1520 2785 1767 2830 favorisce”
1799 2794 1989 2830 vertens.

434 2930 525 2974 199.
591 2929 788 2974 leve...
829 2938 986 2981 opus:
1019 2927 1192 2971 venatio
1224 2927 1406 2971 minoris
1436 2926 1610 2970 laboris.

428 3071 528 3115 200.
591 3069 794 3126 tangit:
840 3069 966 3125 capit,
1008 3067 1204 3122 delectat,
1247 3068 1300 3112 cf.
1336 3066 1515 3122 Seneca,
1549 3065 1736 3111 Phaedr.
1769 3064 1828 3109 28
1857 3064 1902 3108 si
1931 3074 2065 3119 quem

371 3141 519 3197 tangit
545 3141 694 3197 gloria
723 3140 882 3184 silvae.

2197 3048 2210 3071 ζ.

2138 3089 2145 3100 Χ
2188 3086 2210 3119 ‘''t
