2210 3568
999 170 1058 215 39

22 286 25 297 γ
166 304 470 360 ἁσηπτότατον
501 310 643 347 τοῦτο.
676 304 698 345 ὁ
729 302 772 346 δὲ
802 303 949 361 βρόχος
971 304 1100 352 αὐτὸς
1121 301 1227 345 ἐ’στω
1243 305 1414 358 στιφρὸς
1435 303 1505 344 καὶ
1526 305 1554 356 η’
1573 301 1712 355 σειρίς·
1744 303 1800 343 τὸ
1831 299 1881 343 δὲ

15 403 18 408 ,
62 373 114 431 ’ἧ-
166 373 336 430 ξύλον
382 377 443 418 τὸ
489 374 620 425 ἐξαπ
637 375 873 429 τόμενον
919 375 1052 416 ὲστω
1096 377 1189 428 μὲν
1232 373 1355 429 δρυὸς
1392 373 1418 428 ἢ
1460 372 1675 428 πρίνου,
1706 371 1883 425 μέγεθος

169 447 462 502 τρισπίθαμον
502 446 568 506 (ss
617 446 677 492 70
707 445 831 505 cM.),
877 444 1138 501 περίφλοιον,
1185 450 1321 502 πάχος
1366 444 1607 498 παλαιστῆς
1650 442 1741 502 (7.4
1773 442 1884 501 cM.)

171 517 343 560 ἱστάναι
374 516 418 561 δὲ
449 521 527 567 τὰς
558 517 857 575 ποδοστράβας
888 516 1089 560 διελόντα
1120 525 1195 573 τῆς
1216 526 1290 572 γῆς
1316 519 1455 576 βάθος
1486 513 1884 573 πενταπάλαιστον,

168 588 248 649 (37
289 589 402 648 cM.)
442 591 658 645 περιφερὲς
699 589 742 632 δὲ
783 596 912 631 τοῦτο
955 591 1025 631 καὶ
1065 591 1241 631 ἄνωθεν
1271 589 1361 631 ἰ’σον
1391 593 1487 637 ταῖς
1527 591 1760 642 στεφάναις
1795 594 1884 628 τῶν

8 656 12 666 “
159 659 494 719 ’ποδοστραβῶη
537 663 594 710 εἷς
635 660 679 704 δὲ
709 662 760 703 τὸ
800 664 919 703 κάτω
960 661 1237 718 ἀμειβόμενον
1277 661 1521 716 στενότητι·
1554 657 1708 702 διελεῖν
1740 656 1783 700 δὲ
1814 659 1886 699 καὶ

59 729 64 764 ἓ
118 757 122 775 ÷
171 740 227 790 τῇ
266 730 413 787 σειρίδι
457 734 528 775 καὶ
569 740 631 791 τῷ
671 731 787 787 ξύλῳ
817 740 895 786 τῆς
924 739 999 786 γῆς
1030 733 1126 774 ὅσον
1155 732 1326 783 ἵζεσθαι
1357 732 1527 790 ἀμφοῖν.
1560 731 1803 784 ποιήσαντα
1844 727 1887 771 δὲ

170 803 325 847 ταῦτα
345 805 416 847 ἐπὶ
445 806 521 857 μὲν
553 806 602 846 τὸ
636 806 775 862 βάθος
805 807 887 858 τὴν
919 802 1220 862 ποδοστράβην
1250 806 1470 845 ἐπιθεῖναι
1494 801 1720 856 κατωτέρω
1742 801 1886 842 ι’σόπε-

171 873 268 928 δον,
302 876 400 930 περὶ
441 873 484 918 δὲ
525 878 605 929 τὴν
647 878 865 929 στεφάνην
907 877 983 917 τὸν
1014 875 1165 932 βρόχον
1197 881 1272 928 τῆς
1302 872 1501 928 σειρίδος·
1533 875 1605 914 καὶ
1636 874 1774 925 αὐτὴν
1816 873 1886 912 καὶ

170 947 222 988 τὸ
250 944 380 996 ξύλον
411 946 605 993 καθέντα
636 949 693 995 εἷς
723 949 805 1000 τὴν
837 948 980 1002 χώραν
1011 949 1092 1000 τὴν
1124 945 1332 1000 ἑκατέρου.
1365 953 1421 1001 τῇ
1454 948 1644 1001 στεφάνῃ
1670 945 1887 985 ἐπιθεῖναι

171 1016 339 1067 δοκίδας
379 1016 688 1072 σὶτρακτνλίδος
726 1021 783 1072 μὴ
825 1020 1157 1073 ὖπερτεινοιίσας
1199 1019 1256 1066 εἷς
1296 1019 1346 1059 τὸ
1385 1015 1478 1069 ἔξω,
1519 1017 1588 1058 ἐπὶ
1630 1014 1673 1057 δὲ
1720 1017 1887 1058 τούτων

171 1086 343 1133 πέταλα
381 1087 538 1142 λεπτά,
581 1085 642 1131 ὧν
680 1091 736 1131 ἂν
777 1091 803 1144 ἦ
845 1090 935 1144 ὥρα
974 1084 1013 1144 ᾖ.
1059 1091 1169 1143 μετὰ
1201 1087 1244 1131 δὲ
1276 1095 1405 1130 τοῦτο
1449 1095 1524 1142 τῆς
1554 1095 1628 1142 γῆς
1665 1084 1887 1143 ἐπιβαλεῖν

167 1161 240 1203 ἐπ’
270 1161 386 1203 αὐτὰ
426 1168 597 1217 πρῶτον
638 1163 714 1215 μὲν
745 1163 826 1216 τὴν
856 1159 1064 1216 ἐπιπολῆς
1094 1160 1385 1216 ἐξαιρεθεῖσαν
1417 1161 1461 1201 ἐκ
1491 1167 1580 1201 τῶν
1621 1160 1888 1213 ὀρυγμάτων,

6 1246 10 1247 ’
49 1241 92 1282 ’χ
170 1231 434 1276 ἄνωθεννδὲ
472 1240 546 1287 γῆς
586 1241 757 1289 στερεᾶς
796 1240 873 1288 τῆς
913 1235 1101 1286 ἄποθεν,
1145 1236 1220 1274 ἳνα
1260 1227 1289 1287 ᾖ
1327 1240 1382 1288 τῇ
1420 1230 1563 1286 ἐλάφῳ
1594 1231 1660 1272 δτι
1699 1228 1889 1284 μάλιστα

179 1302 334 1360 ἄδηλος
375 1305 400 1359 ἡ
442 1308 613 1353 στάσις·
644 1307 725 1358 τὴν
768 1303 811 1347 δὲ
851 1312 1085 1360 περιοῦσαν
1126 1312 1202 1359 τῆς
1242 1311 1316 1358 γῆς
1347 1303 1576 1359 ἀποφέρειν
1617 1302 1761 1356 πόρρω
1800 1301 1889 1342 ἀπὸ

175 1383 252 1431 τῆς
283 1373 592 1434 ποδοστράβης·
617 1377 692 1420 ἐὰν
721 1378 802 1432 γὰρ
824 1377 1103 1432 ὀσφραίνηται
1129 1378 1281 1418 νεωστὶ
1309 1374 1587 1430 κεκινημένης,
1615 1373 1887 1416 δυσωπεῖται.

239 1445 564 1494 Commentarii
608 1449 746 1493 instar
790 1458 856 1493 est
888 1450 1052 1506 optima
1083 1449 1335 1505 descriptio,
1366 1459 1498 1504 quam
1530 1447 1603 1491 dat
1635 1446 1704 1490 vir
1733 1445 1890 1489 doctus

9 1525 12 1526 ’
55 1523 60 1542 ὲ
91 1560 95 1564 A
176 1518 355 1575 Manns,
391 1510 518 1564 Uber
549 1519 620 1564 die
643 1519 759 1577 Jagd
792 1522 861 1565 bei
893 1521 979 1565 den
1015 1519 1258 1574 Griechen,
1292 1518 1369 1575 111,
1402 1532 1444 1576 p.
1475 1519 1540 1574 ll,
1566 1516 1725 1563 Cassel
1753 1514 1888 1560 1890:

179 1591 276 1646 „die
323 1590 536 1636 Fussfalle
581 1591 653 1636 fiir
697 1591 892 1636 Hirsche
922 1591 1013 1636 und
1046 1589 1282 1636 Schweine
1313 1589 1355 1649 (ἦ
1388 1587 1676 1647 ποδοστράβῃ)
1707 1586 1891 1633 bestand

40 1659 49 1663 ”
93 1667 95 1671 ’
170 1670 255 1713 aus
293 1663 405 1708 zwei
447 1662 567 1707 nicht
598 1663 675 1707 mit
706 1663 918 1708 einander
950 1662 1270 1718 verbundenen
1304 1660 1647 1715 Bestandteilen,
1679 1658 1891 1704 zunfichst

173 1747 254 1780 aus
282 1735 429 1780 einem
459 1735 633 1780 runden
664 1747 745 1779 aus
770 1735 1022 1793 geschfilten
1046 1733 1385 1791 Eibenzweigen
1409 1732 1714 1791 geflocht'enen
1739 1729 1891 1774 Kranz

169 1805 392 1866 (στεφάνη,
422 1804 654 1859 πλόκανον,
681 1806 791 1851 Pon.
825 1806 882 1862 V,
914 1806 973 1851 32
1005 1804 1184 1864 κύκλος),
1211 1807 1255 1850 in
1278 1806 1364 1850 den
1386 1803 1697 1849 abwechselnd
1718 1803 1891 1847 eiserne

174 1878 277 1923 und¹
296 1874 508 1922 hfilzerne
541 1877 684 1936 Niigel
714 1878 1036 1935 eingeflochten
1070 1890 1236 1932 waren,
1267 1877 1338 1921 die
1362 1877 1478 1921 beim
1501 1876 1653 1932 Legen
1675 1874 1756 1918 der
1773 1873 1891 1918 Falle

173 1949 288 1994 nach
327 1958 463 1994 unten
493 1949 693 1995 standen.
727 1949 796 1994 Zu
827 1950 995 1994 diesem
1029 1948 1200 1994 Zweck
1232 1949 1321 1994 hob
1355 1961 1459 1992 man
1490 1948 1590 1992 eine
1620 1959 1684 1991 ca.
1716 1945 1776 1990 40
1806 1958 1889 1990 cm.

172 2020 277 2066 tiefe
314 2018 475 2066 Grube
506 2033 599 2075 aus,
632 2033 688 2065 an
720 2021 858 2066 deren
889 2022 1072 2066 oberem
1106 2020 1403 2066 kreisrunden
1438 2019 1594 2063 Rande
1625 2019 1705 2063 der
1738 2016 1894 2062 Eiben-

175 2091 318 2137 kranz
361 2093 432 2136 ein
481 2090 759 2149 Widerlager
803 2092 923 2147 fand,
970 2092 1184 2137 wiihrend
1230 2092 1301 2137 die
1351 2090 1494 2148 Niigel
1538 2091 1583 2134 in
1627 2090 1698 2134 die
1733 2087 1892 2134 Grube

174 2163 493 2221 hineinragten.
531 2155 657 2208 Uber
687 2163 839 2208 diesen
872 2163 1071 2220 Apparat
1104 2163 1209 2208 kam
1240 2163 1322 2208 der
1342 2164 1497 2207 zweite
1520 2160 1791 2206 Bestandteil
1814 2159 1894 2204 der

177 2233 296 2280 Falle
341 2247 397 2279 zu
443 2234 600 2292 liegen,
647 2235 727 2279 der
772 2235 866 2279 sich
898 2247 978 2279 aus
1008 2236 1132 2280 einer
1165 2233 1372 2292 Schlinge
1403 2230 1455 2293 (δ’
1473 2232 1637 2291 βρόχος)
1668 2245 1758 2278 von
1792 2232 1893 2276 dem

143 2321 146 2324 ·
181 2305 405 2364 Umfange
440 2307 521 2352 des
554 2305 757 2353 Kranzes
787 2307 878 2351 und
908 2307 1054 2351 einem
1086 2305 1303 2364 ungeffihr
1333 2305 1362 2350 8
1394 2318 1477 2350 cm,
1510 2305 1686 2360 dicken‚
1719 2303 1777 2349 70
1808 2315 1891 2348 cm.

177 2378 337 2437 langen
364 2377 510 2423 Block
531 2377 598 2436 (τὸ
619 2375 766 2436 ξύλον)
787 2390 867 2423 aus
889 2377 1158 2423 Eichenholz
1180 2386 1589 2422 zusammensetzte.
1624 2375 1894 2422 Vermittelst

174 2450 259 2506 des
291 2448 492 2496 Strickes
522 2449 565 2509 (ἢ
596 2450 735 2504 σειρίς,
768 2449 878 2494 Poll.
913 2449 969 2506 V,
1001 2449 1060 2494 33
1091 2450 1115 2504 ἡ
1148 2452 1265 2505 σειρά
1295 2449 1386 2494 und
1418 2447 1664 2507 ἁρπεδόνη),
1697 2460 1776 2492 aus
1792 2447 1894 2491 dem

157 2519 378 2579 'zugleich
428 2522 500 2567 die
547 2520 754 2579 Schlinge
799 2521 1002 2579 gemacht
1050 2534 1157 2576 war,
1205 2521 1311 2579 hing
1358 2519 1566 2577 Schlinge
1613 2519 1703 2563 und
1751 2517 1895 2563 Block

179 2605 450 2639 zusammen.
491 2593 607 2650 Jene
653 2593 759 2638 kam
804 2605 948 2651 genau
992 2592 1070 2637 auf
1096 2593 1182 2638 den
1217 2584 1369 2637 Kranz
1401 2604 1457 2636 zu
1488 2592 1645 2648 liegen.
1678 2588 1784 2634 Trat
1816 2589 1896 2633 der

185 2664 352 2711 Hirsch
402 2666 544 2711 durch
595 2665 737 2720 beide‚
791 2663 998 2723 Schlinge
1049 2665 1140 2710 und
1195 2664 1347 2710 Kranz
1397 2663 1630 2718 hindurch,
1681 2674 1734 2707 so
1781 2661 1895 2706 blieb

176 2736 391 2782 zuniichst
422 2732 637 2793 vermssge
668 2737 750 2781 der
783 2735 939 2793 NfigeL
971 2737 1042 2781 die
1073 2737 1175 2781 dem
1207 2735 1587 2781 hineintretenden
1622 2734 1733 2779 Fuss
1763 2732 1897 2777 nach—

180 2809 339 2867 gaben‚
386 2809 430 2853 in
477 2809 563 2854 den
603 2808 1064 2853 zurfickweichenden
1106 2809 1214 2853 aber
1254 2807 1502 2865 eingriffen,
1534 2807 1604 2851 die
1635 2804 1896 2863 eigentliche

178 2891 262 2925 nus
309 2878 462 2925 Kranz
507 2881 598 2925 und
646 2879 820 2937 Niigeln
868 2879 1136 2925 bestehende
1168 2878 1286 2924 Falle
1316 2880 1401 2924 fest
1432 2892 1503 2923 am
1536 2877 1675 2922 Lause
1707 2877 1895 2932 hiingen,

182 2951 468 2997 verhinderte
513 2952 711 2997 dadurch
757 2952 864 2995 aber
910 2952 1021 2996 auch
1069 2951 1147 2996 das
1195 2951 1427 3009 Abgleiten
1460 2951 1539 2994 der
1572 2947 1794 3004 Schlinge,
1825 2947 1897 2991 die

180 3022 275 3068 sich
308 3024 424 3068 beim
455 3033 603 3068 ersten
637 3022 800 3068 Schritt
831 3035 986 3080 zuzog,
1018 3035 1070 3068 so
1102 3023 1204 3068 dass
1236 3023 1315 3068 das
1347 3021 1452 3067 Tier
1483 3031 1756 3079 gezwungen
1789 3030 1895 3074 war,

179 3093 270 3139 den
304 3093 447 3139 Block
482 3096 558 3139 mit
588 3095 682 3139 sich
713 3107 769 3138 zu
799 3094 1086 3152 schleppen.”
