2210 3568
1218 206 1267 250 14

449 335 657 392 Legimus
702 336 818 378 enim
865 335 981 391 apud
1030 334 1292 390 Zenobium,
1339 335 1547 392 proverb.
1595 334 1707 392 (coll.
1743 334 1903 380 Milleri
1931 334 1974 380 2.
2002 335 2087 393 96;

391 405 496 451 Mel.
530 419 570 462 p.
615 405 720 463 368)
781 404 921 446 πολλὰ
966 403 1129 458 μεταξὺ
1181 403 1296 447 πέλει
1350 403 1537 453 κύλικος·
1701 404 2089 463 Ἀριστοτέλης
2166 407 2182 458 “,

389 475 432 518 δέ
476 490 602 531 φησιν
644 476 842 528 Ἀγκαῖόν
885 491 984 519 τινα
1029 477 1205 529 Σαμίων
1247 475 1422 532 βασιλέα
1461 474 1669 529 μέλλοντα
1720 477 1859 519 πίνειν
1907 477 2082 520 ἀκοῦσαι

388 551 575 602 κραυγὴν
619 549 714 602 περὶ
751 547 891 600 θήραν
932 547 1156 601 γενομένην
1197 548 1267 588 καὶ
1309 546 1544 596 ἐξελθόντα
1582 545 1882 601 συμπλακῆναι
1914 554 1976 604 τῷ
2014 549 2086 590 συὶ

388 620 459 659 καὶ
502 618 768 659 ἀποθανεῖν·
812 618 915 659 ὅθεν
956 619 1148 672 εἰρῆσθαι
1188 620 1267 672 τὴν
1309 619 1541 671 παροιμίαν
1573 618 1720 669 οὕτως,
1753 616 1893 659 πολλὰ
1922 617 2088 671 μεταξὺ

387 687 502 731 πέλει
535 688 698 737 κύλικος
730 690 800 729 καὶ
833 687 985 744 χείλεος
1017 688 1159 743 ἄκρου,
1180 690 1440 746 quibuscum
1463 688 1772 745 comparanda,
1805 700 1918 745 quae
1947 688 2086 734 schol.

384 761 428 803 in
458 759 660 816 Apollon.
696 759 840 804 Rhod.
875 759 904 804 1.
944 759 1036 804 188.
1069 773 1110 817 p.
1142 759 1242 803 315.
1282 760 1333 803 16
1364 759 1499 818 (Keil)
1529 760 1656 804 nobis
1679 758 1863 815 tradidit,
1885 771 2084 816 quaeque
2207 810 2210 823 Ι

386 830 541 876 melius
572 843 703 887 quam
735 832 869 875 ceteri
898 832 1136 887 scriptores
1167 830 1273 888 (vid.
1308 830 1486 875 Aristot.
1520 830 1675 887 fragm.
1708 830 1804 874 coll.
1829 830 1925 875 Val.
1948 829 2082 886 Rose,
2171 820 2210 884 Ῑ-ζῑ

385 901 490 960 571)
552 902 689 946 verba
740 901 988 958 philosophi
1038 911 1354 946 servaverunt:
1432 902 1759 956 Παρθενίης
1815 901 2088 952 Ἀγκαῖος·
2139 889 2143 894 ’
2208 890 2210 896 ”

385 962 771 1027 Ἀριστοτέλης
809 973 921 1026 φησί,
963 974 1100 1021 τιθεὶς
1130 974 1199 1013 ἐπὶ
1230 973 1426 1022 Ἀγκαίου
1466 975 1543 1025 τὴν
1575 972 1815 1027 παροιμίαν,
1847 972 1912 1013 ὅτι
1941 970 2082 1025 γέγονε

384 1042 658 1098 φιλογέωργος
704 1043 894 1095 Ἀγκαῖος
936 1046 1006 1084 καὶ
1053 1042 1216 1092 πολλὰς
1261 1045 1487 1097 ἐφύτευσεν
1535 1041 1757 1097 ἀμπέλους.
1807 1043 2000 1092 εἰπόντος
2038 1040 2082 1084 δὲ

385 1115 505 1171 αὐτῷ
550 1122 627 1156 τοῦ
672 1118 938 1168 θεράποντος
985 1115 1051 1155 ὅτι
1098 1118 1267 1156 θᾶττον
1313 1115 1606 1156 ἀποθανεῖται
1654 1114 1679 1167 ἢ
1726 1114 1869 1154 πίεται
1915 1114 1958 1155 ἐκ
2004 1119 2087 1155 τοῦ

385 1193 550 1239 καρποῦ
586 1192 664 1226 τοῦ
703 1184 908 1239 ἀμπέλου,
950 1186 1145 1237 Ἀγκαῖος
1189 1186 1342 1240 ὡρίμου
1371 1185 1589 1239 γενομένου
1622 1192 1700 1226 τοῦ
1731 1191 1898 1238 καρποῦ
1926 1183 2082 1239 τρίψας

383 1258 541 1313 βότρυν
573 1255 739 1298 ἐκάλεσε
772 1259 848 1298 τὸν
879 1260 1132 1310 θεράποντα
1165 1258 1235 1297 καὶ
1268 1253 1398 1308 εἶπεν,
1432 1257 1486 1304 ὡς
1516 1255 1653 1311 ἐ’ζησεν
1683 1271 1800 1311 μεχρι
1832 1251 1881 1296 οὗ
1918 1269 2082 1309 καρπο-
2189 1307 2194 1318 ²

382 1328 579 1383 φορήσῃὴ
605 1327 791 1381 ἄμπελος
812 1329 882 1369 καὶ
899 1326 1040 1381 ἐ’μελλε
1060 1329 1211 1369 πίνειν.
1245 1335 1322 1369 τοῦ
1343 1326 1385 1369 δὲ
1410 1330 1676 1381 θεράποντος
1696 1327 1886 1375 εἰπόντος
1911 1323 2085 1378 »πολλὰ
2120 1382 2122 1384 v
2187 1285 2210 1369 ξ

380 1397 542 1450 μεταξύ
595 1397 711 1440 πέλει
764 1398 930 1447 κύλικος
982 1401 1052 1439 καὶ
1105 1398 1258 1454 χείλεος
1310 1398 1465 1453 ἄκρου”
1514 1396 1708 1453 διηγγέλη
1753 1398 1871 1454 αὐτῷ
1911 1412 1978 1446 τις
2006 1403 2082 1445 σῦς
2187 1372 2210 1457 ἢ

384 1468 760 1524 διαλυμαινόμενος
796 1473 876 1523 τὴν
913 1470 1066 1525 χώραν,
1105 1471 1165 1524 ἐφ’
1197 1472 1242 1513 ὃν
1274 1468 1500 1524 ἐκδραμὼν,
1534 1470 1632 1523 πρὶν
1665 1469 1755 1524 πίῃ,
1787 1465 1977 1524 ἀνῃρέθη
2005 1467 2087 1510 ὖπ>
2183 1439 2210 1531 {J

387 1542 533 1582 αὐτοῦ.
1696 1574 1701 1580 .
2001 1547 2009 1560 ’
2188 1543 2203 1568 ἕ

443 1612 577 1656 Recte
619 1613 760 1668 igitur,
803 1621 849 1655 ut
881 1613 1144 1656 clarissimus
1175 1613 1243 1655 ille
1278 1611 1502 1655 Henricus
1535 1610 1729 1655 Schenkl
1759 1609 1831 1667 (zu
1866 1607 2078 1663 Grattius,

382 1695 423 1738 p.
457 1681 556 1725 425.
589 1681 673 1739 sq.)
704 1683 867 1738 optime
899 1682 1017 1736 vidit,
1049 1695 1097 1726 se
1129 1683 1258 1726 habet
1290 1682 1416 1726 lectio
1447 1682 1624 1725 tradita:
1658 1680 1871 1724 Ancaeus
1891 1678 2086 1724 Samiusv

384 1753 431 1796 in
462 1753 589 1796 arvis
619 1752 794 1797 Samiis
826 1753 991 1796 cecidit.
1384 1770 1388 1775 ·

441 1823 509 1867 68.
543 1826 596 1867 et
613 1824 930 1877 praedexter
951 1825 1065 1867 erat
1085 1823 1415 1878 geminisque
1434 1822 1706 1867 securibus
1721 1822 1935 1877 ingens:
1957 1823 2003 1866 et
2019 1839 2074 1856 =
2208 1875 2210 1884 ,

382 1897 426 1937 et
469 1898 645 1947 tamem
671 1895 942 1949 praedexter
971 1915 1029 1930 =
1061 1885 1319 1947 περιδέξιοξς
1347 1894 1636 1950 geminisque
1675 1892 1937 1936 securibus:
1966 1891 2075 1935 haec
2096 1917 2107 1928 -
2172 1912 2174 1923 =

381 1966 565 2021 sumpsit
620 1975 749 2021 poeta
805 1965 992 2009 fortasse
1047 1978 1104 2009 ex
1152 1965 1295 2009 fabula
1343 1965 1397 2008 de
1445 1965 1624 2008 Ancaeo
1671 1963 1860 2018 Arcade,
1906 1963 1980 2018 qui
2021 1962 2084 2007 ab*

385 2034 551 2080 Ovidio
584 2046 683 2080 met.
718 2036 836 2080 VIII.
870 2037 949 2080 391
987 2035 1250 2092 bipennifer
1280 2035 1424 2079 Arcas
1457 2035 1710 2092 appellatur.

436 2176 625 2221 69—72.
677 2178 739 2222 Hi
779 2188 982 2235 quattuor
1013 2191 1171 2223 versus
1202 2179 1501 2234 interpretanti
1532 2176 1795 2220 difficiliores
1825 2183 1938 2230 sunt,
1971 2185 2073 2218 nam

381 2250 479 2304 quia
553 2249 622 2292 hic
695 2249 818 2293 locus
893 2251 1035 2293 statim
1105 2251 1299 2305 sequitur
1359 2247 1562 2304 exempla
1617 2246 1914 2291 semideorum
1969 2245 2074 2288 artis

381 2320 605 2363 venaticae
635 2321 951 2376 imperitorum,
983 2321 1099 2364 idem
1121 2321 1176 2364 de
1197 2319 1392 2363 Hercule
1409 2327 1583 2375 poetam
1601 2326 1878 2361 narraturum
1894 2327 2082 2372 exspec-v

380 2399 466 2434 tes:
499 2391 555 2433 ita
588 2389 838 2435 Vollmerus
869 2392 1013 2435 locum
1044 2391 1265 2445 intellexit,
1297 2392 1370 2446 qui
1395 2399 1493 2446 post
1510 2403 1575 2433 vs.
1593 2388 1650 2432 72
1665 2389 1863 2432 lacunam
1880 2395 2072 2431 statuens

380 2462 424 2504 in
470 2469 680 2523 apparatu
737 2463 886 2506 critico
933 2462 1041 2506 haec
1087 2462 1281 2518 scripsit:
1335 2469 1458 2516 „post
1505 2473 1568 2504 vs.
1617 2458 1674 2503 72
1705 2459 1861 2503 deesse
1891 2470 2071 2502 versum

379 2531 556 2574 minime
610 2544 746 2574 unum
802 2531 1055 2588 significavi,
1103 2544 1291 2588 namque
1337 2532 1547 2575 sententia
1593 2531 1655 2573 sic
1697 2530 1820 2573 exire
1865 2528 2069 2574 debebat:

382 2600 602 2645 Hercules
648 2602 822 2657 quidem
853 2605 896 2646 in
929 2604 1084 2647 ceteris
1116 2603 1289 2647 laudem
1322 2603 1558 2645 maximam
1590 2601 1760 2654 meruit,
1794 2607 1834 2642 at
1865 2600 1908 2642 in
1942 2610 2072 2643 vena·

377 2673 567 2716 tionibus
611 2674 701 2716 suis
746 2674 950 2717 inutiliter
991 2675 1108 2718 vires
1144 2674 1350 2730 profudit,
1382 2674 1559 2729 ignarus
1590 2683 1741 2714 earum
1774 2670 1930 2713 artium
1961 2681 2069 2725 quas

377 2754 461 2800 ego
492 2743 701 2787 docturus
730 2756 850 2798 sum;
880 2744 1067 2801 neglegit
1100 2743 1424 2800 Stymphalidas
1456 2744 1509 2787 ab
1544 2741 1737 2785 Hercule
1763 2741 1927 2796 sagittis
1943 2741 2070 2784 inter-

377 2813 553 2857 fectas’'.
618 2812 748 2868 Quae
794 2815 1027 2870 quominus
1073 2817 1360 2859 assentiamur
1407 2813 1647 2866 Vollmero‚
1687 2811 1794 2855 haec
1825 2812 2015 2855 obstant:
2050 2809 2066 2852 1

378 2896 466 2928 non
513 2893 637 2940 potes
682 2885 827 2928 dicere
872 2884 1111 2928 Herculem
1154 2897 1321 2941 magna
1353 2884 1555 2929 mercede
1584 2882 1700 2926 feras
1732 2890 1938 2927 venatum
1969 2892 2068 2925 esse

377 2957 537 3011 quippe
584 2957 656 3011 qui
703 2968 805 3010 non,
851 2965 896 2999 ut
944 2955 1112 2999 Adonis
1159 2956 1462 3012 Ancaeusque‚
1495 2963 1645 2998 contra
1678 2953 1836 2997 bestias
1866 2963 2075 3008 pugnans

376 3026 592 3081 ceciderit,
638 3027 716 3070 sed
762 3039 965 3083 magnam
1012 3027 1194 3083 gloriam
1240 3039 1296 3070 ex
1343 3026 1536 3070 serarum
1583 3023 1716 3067 caede
1748 3023 2064 3080 reportaverit3

376 3096 415 3140 11
464 3109 551 3141 non
597 3095 800 3138 inutiliter
846 3096 964 3138 vires
1009 3094 1213 3150 profudit,
1251 3107 1350 3138 cum
1382 3094 1556 3149 saepius
1588 3095 1686 3135 arte
1716 3103 1822 3135 usus
1854 3091 1930 3134 sit:
1963 3101 2069 3133 nam.
