2210 3568
937 217 996 263 79

38 323 49 406 ς>
106 360 160 405 ,ιιι
196 350 419 397 ⁴videatur
463 350 691 404 mandere,
740 349 793 394 cf.
829 322 965 406 Verg.
1002 348 1112 393 Aen.
1147 349 1223 402 XI,
1255 349 1345 393 669
1375 352 1515 405 atque
1545 352 1780 398 cruentam
1812 353 1833 403 s

21 442 41 456 =
113 421 343 469 mandit
388 421 631 474 humum,
679 420 971 476 moriensque
1000 432 1090 464 suo
1119 432 1172 464 se
1206 421 1254 465 in
1284 421 1470 465 volnere
1499 423 1687 473 versat:
1713 421 1830 476 apud

112 492 263 539 Valer.
297 491 438 539 Flacc.
474 493 550 549 111,
590 492 672 537 106
702 502 1056 547 compressaque
1088 492 1315 536 mandens
1346 503 1550 547 aequora
1580 491 1655 550 (=
1677 504 1833 548 super-
1896 550 1898 552 Ι

37 596 39 598 -
114 563 257 610 flciem
287 565 469 622 campi).

171 635 400 681 celsisve
446 635 743 690 adprensat
789 634 1014 678 naribus
1046 645 1236 680 auras:
1288 636 1409 679 canis
1441 647 1465 678 a
1500 632 1678 679 Grattio
1711 646 1834 678 com·

112 716 293 764 paratur
324 718 426 752 cum
458 718 590 762 equo,
621 706 675 751 cf.
710 705 846 763 Verg.
884 703 1054 762 Georg.
1091 705 1123 758 1,
1145 705 1234 749 376
1254 706 1459 761 captavit
1479 705 1671 750 naribus
1687 717 1832 750 auras

110 777 260 837 (idem
293 787 454 824 versus
499 779 666 822 exitus:
717 776 892 821 Lucret.
943 775 1020 831 lV,
1053 775 1141 820 993
1186 777 1409 821 reducunt
1440 777 1630 825 naribus
1671 776 1833 835 auras)

109 859 154 895 et
183 861 285 894 cum
316 858 409 894 toto
442 861 577 894 versu
610 857 764 893 nostro
800 847 992 892 Halieut.
1026 847 1096 892 77.
1130 847 1189 892 78
1221 860 1340 904 quae
1362 860 1483 893 nunc
1503 848 1641 892 elatis
1661 849 1832 893 riman-

109 923 205 965 tur·
230 920 422 967 naribus
467 932 611 965 auras
642 924 661 975 s
692 923 738 964 et
778 931 900 964 nunc
928 919 1135 963 demisso
1167 923 1394 975 quaerunt
1424 920 1624 976 vestigia
1667 923 1829 965 rostro.

113 984 336 1038 Differunt
367 1001 514 1036 tamen
546 991 631 1036 loci
667 989 828 1036 Grattii
860 1000 903 1035 et
939 988 1291 1034 Halieuticorum
1322 992 1436 1035 inter
1467 1003 1529 1046 se,
1562 990 1682 1047 quod
1714 991 1831 1047 apud

110 1073 313 1110 nostrum
354 1072 573 1118 narratur,
605 1074 696 1119 quo
727 1063 856 1119 signo
888 1063 1010 1106 canis
1041 1063 1270 1106 inventum
1303 1074 1401 1106 esse
1433 1062 1574 1106 cubile
1605 1062 1830 1119 significet,

109 1137 155 1180 in
190 1134 447 1181 Halieuticis
479 1146 591 1180 vero
624 1133 680 1178 de
711 1146 821 1178 cane
852 1134 1146 1191 investigante
1176 1145 1327 1178 sermo
1359 1143 1437 1178 est.

169 1277 421 1324 240—245.
473 1277 561 1323 Hic
608 1277 733 1322 locus
779 1278 841 1321 sic
887 1276 1165 1321 enarrandus
1211 1289 1311 1321 esse
1354 1277 1552 1322 videtur:
1597 1289 1653 1321 ne
1684 1287 1829 1321 tamen

112 1350 255 1407 prima
301 1351 484 1407 vestigia
530 1361 686 1394 canem
735 1349 983 1393 studiosum
1031 1348 1192 1403 fallant,
1241 1349 1313 1392 lex
1352 1360 1455 1392 eum
1488 1350 1605 1393 iubet
1637 1350 1829 1406 primum

111 1421 346 1466 circumire
377 1434 533 1479 agrum
565 1422 773 1478 saepibus
805 1421 1011 1474 cinctum,
1044 1421 1118 1465 ubi
1151 1420 1292 1464 feram
1323 1432 1422 1464 sese
1454 1420 1673 1465 abdidisse
1695 1430 1828 1478 putat,

111 1502 159 1537 ut
189 1494 296 1538 sciat
326 1506 433 1537 num
465 1492 579 1537 forte
611 1493 763 1537 abierit
795 1492 887 1536 fera
920 1504 945 1536 e
977 1491 1177 1546 latebris;
1207 1492 1244 1535 si
1265 1491 1379 1536 forte
1401 1492 1543 1548 prima
1564 1504 1668 1548 spes
1690 1492 1829 1536 feram

110 1565 228 1609 intus
273 1576 372 1609 esse
418 1576 521 1609 eum
568 1564 754 1620 decepit,
801 1576 958 1608 rursus
999 1564 1043 1607 in
1086 1563 1375 1620 longinquum
1409 1564 1591 1620 vestigia
1624 1565 1830 1620 persequi

111 1646 312 1693 oportet;
358 1647 400 1680 at
445 1637 482 1680 si
521 1648 738 1693 prospera
780 1647 866 1691 res,
898 1636 936 1679 si
967 1644 1083 1692 patet
1115 1634 1256 1679 feram
1290 1635 1430 1678 cubile
1463 1646 1553 1678 non
1586 1634 1828 1691 reliquisse,

110 1707 166 1753 ad
198 1709 340 1765 prima
374 1708 570 1764 vestigia,
602 1719 716 1764 quae
748 1702 804 1751 ad
835 1707 982 1751 locum
1015 1706 1136 1751 ferae
1168 1706 1351 1751 tendere
1384 1706 1661 1761 videbantur,
1679 1706 1830 1750 redeat

109 1789 212 1824 cum
243 1791 384 1836 gyrus
415 1791 440 1823 a
471 1778 564 1823 fera
597 1790 687 1823 non
721 1787 960 1835 perruptus
993 1779 1061 1822 sit.

168 1921 270 1967 242.
333 1933 687 1977 accessusque
735 1915 1043 1977 abitusque:
1092 1905 1144 1966 cf'.
1196 1921 1331 1978 Verg.
1368 1921 1478 1965 Aen.
1515 1921 1589 1976 XI,
1623 1921 1711 1965 766
1744 1921 1829 1965 hos

109 1993 270 2039 aditus
300 1993 484 2050 iamque
505 1993 591 2038 hos
611 1993 771 2038 aditus
793 2005 1065 2049 omnemque
1089 1996 1295 2048 pererrat
1312 1996 1332 2047 s
1350 1992 1554 2048 undique
1571 1992 1826 2037 circuitam.

170 2064 397 2111 ACCCSSHS
426 2065 696 2121 abitusque:
728 2067 782 2106 τὰ
813 2066 963 2106 εὐναῖσι
995 2066 1065 2106 καὶ
1098 2067 1151 2106 τὰ
1185 2064 1363 2120 δρομαῖα
1395 2064 1501 2121 ἴχνη,
1534 2064 1589 2109 cf.
1627 2064 1826 2109 Pseudo—

110 2135 222 2182 Xen.
243 2135 421 2194 Cyneg.
453 2136 496 2181 3.
528 2135 558 2181 8
588 2138 682 2178 ὅσαι
715 2136 757 2178 δὲ
790 2145 875 2178 τῶν
908 2145 1048 2178 κυνῶν
1078 2139 1131 2179 τὰ
1153 2136 1246 2193 ἴχνη
1268 2139 1321 2178 τὰ
1342 2139 1415 2191 μὲν
1437 2138 1587 2178 εὐναῖα
1608 2137 1825 2189 ἀγνοοῦσι,

26 2247 27 2250 ,
108 2210 164 2250 τὰ
206 2207 248 2251 δὲ
278 2207 457 2263 δρομαῖα
488 2208 593 2264 ταχύ
627 2207 929 2264 διατρέχουσιν,
963 2210 1037 2249 οὐκ
1069 2210 1143 2250 εἶσὶ
1175 2209 1355 2262 γνήσιαι.
1392 2210 1565 2249 Εὐναῖα
1598 2208 1692 2264 ἴχνη
1726 2218 1827 2253 sunt

19 2308 23 2332 2
108 2280 292 2337 vestigia
338 2279 459 2324 ferae
505 2292 635 2324 suum
675 2280 922 2324 accedentis
965 2280 1121 2325 cubile.
1157 2281 1351 2336 Δρομαῖα
1383 2279 1477 2336 ἴχνη
1507 2290 1608 2324 sunt
1642 2281 1826 2337 vestigia

29 2349 30 2352 ’
109 2350 230 2396 ferae
261 2363 286 2396 e
318 2351 447 2396 cubili
479 2363 562 2396 suo
594 2352 822 2396 excitatae.

166 2493 267 2538 244.
300 2505 487 2538 rusum
508 2506 644 2550 opus
665 2494 906 2539 incubuit
929 2495 1151 2550 spatiis:
1173 2496 1450 2540 accusativus
1477 2507 1596 2551 opus
1611 2494 1827 2539 difficilior

108 2565 349 2620 intellectu;
386 2563 556 2610 Curcio
577 2577 695 2621 opus
720 2567 965 2619 „obiectum
982 2567 1235 2611 internum”
1254 2567 1408 2621 habet3
1431 2566 1620 2611 fortasse
1637 2575 1828 2623 praestat

11 2644 14 2646 ’
86 2635 278 2692 ..spatiis
324 2637 562 2682 ablativum
610 2638 693 2682 loci
741 2640 997 2694 nominare;
1042 2651 1143 2684 cum
1193 2640 1342 2684 verbis
1395 2638 1654 2683 incumbere
1710 2649 1827 2692 opus

108 2719 391 2766 comparetur
425 2707 528 2754 Stat.
564 2707 775 2753 Thebaid.
812 2722 875 2754 vs.
911 2709 988 2766 Vl,
1021 2710 1110 2755 575
1142 2713 1250 2754 tunc
1271 2709 1511 2754 Palladios
1533 2721 1628 2753 non
1650 2708 1826 2753 inscius

109 2779 309 2825 haustus
339 2784 357 2835 s
390 2779 593 2824 incubuit
624 2782 650 2824 i.
684 2793 721 2824 e.
757 2781 857 2825 oleo
876 2791 919 2825 et
936 2781 1179 2838 palaestrae
1197 2782 1352 2826 adiecit
1369 2783 1579 2826 animum.
1594 2779 1827 2824 Incubuit.-

27 2855 31 2918 J
109 2862 202 2896 aor.
237 2852 470 2909 gnomicus
503 2872 558 2889 =
592 2854 852 2897 incumbere
883 2853 996 2898 solet
1029 2874 1084 2890 =
1119 2854 1356 2908 incumbet,
1390 2863 1436 2897 ut
1467 2855 1639 2907 repetet
1657 2864 1698 2895 v.
1722 2850 1824 2895 245.

19 3027 24 3063 3
167 2992 268 3038 245.
331 2995 558 3048 repetet.
579 3027 589 3038 .
609 3027 619 3037 .
661 2995 757 3039 ad:
790 2995 843 3053 cf:
882 2993 1023 3040 Culic.
1058 3009 1123 3042 vs.
1164 2996 1295 3051 104s5
1327 2999 1372 3039 et
1405 2995 1498 3039 iam
1531 2994 1827 3049 compellente

31 3076 33 3078 ·
110 3075 256 3120 vagae
280 3069 472 3120 pastore
503 3066 747 3121 capellae]
770 3066 864 3110 ima
893 3068 1185 3113 susurrantis
1216 3066 1567 3123 repetebant
1597 3065 1670 3109 ad
1701 3066 1826 3110 vada

109 3134 334 3191 lymphae.
