2210 3568
1221 230 1280 274 90
1336 262 1345 271 „

404 364 597 407 carmina
630 374 727 405 mea
758 373 840 404 nee
872 372 943 404 me
965 373 1045 405 nec
1068 370 1108 405 te
1131 361 1276 405 fallent
1298 363 1566 419 pignoribus,
1589 363 1614 404 i.
1632 374 1670 405 e.
1696 362 1802 406 haec
1820 363 2003 419 pignora
2017 374 2100 408 nee
2155 382 2160 386 ·

405 445 475 476 me
492 432 735 476 sefellerunt
767 443 960 487 unquam
982 430 1353 489 (quandoquidem
1377 442 1560 476 venator
1582 432 1640 476 fui
1657 432 1769 490 ipse)
1783 445 1866 477 nec
1881 442 1923 478 te
1939 432 2097 478 sallent.

462 502 798 558 pignoribus:
845 502 898 546 cf.
943 501 1084 546 Aetna
1118 515 1181 546 vs,
1216 502 1304 546 520
1333 506 1455 547 cer-to
1485 514 1641 546 verum
1669 502 1754 547 tibi
1779 503 1972 559 pignore
1999 514 2102 549 eon-

401 577 509 626 stat,
540 575 613 617 ubi
646 572 852 617 Sudhaus
884 581 1001 616 recte
1032 574 1208 617 adnotat
1244 576 1427 631 „pignus
1458 575 1596 618 sehon
1629 586 1682 617 an
1715 574 1806 618 sich
1828 575 1897 618 ein
1917 574 2100 630 signam

361 666 363 670 v
403 648 586 696 certum,
618 644 696 687 das
727 645 879 688 innere
915 642 1114 687 Gewiihr
1146 644 1241 699 hat;
1274 646 1431 700 pignus
1464 665 1518 682 =
1551 645 1760 699 τεκμήριον
1791 644 2001 702 βέβαιον”.

890 784 965 829 De
998 785 1189 828 catulis
1221 788 1363 830 recte
1396 785 1619 831 alendis,

460 925 560 970 301.
610 927 876 981 protinus:
909 939 1009 971 cum
1033 925 1168 983 fetae
1200 928 1577 984 coniungendam:
1613 931 1778 979 „statim
1801 937 1847 972 ut
1872 928 2100 990 concepit”

402 996 649 1055 (Vollmer).
1804 1020 1807 1022 ·

459 1138 558 1182 303.
600 1139 691 1182 illa
733 1139 951 1193 perinde
993 1150 1136 1191 suos,
1179 1141 1237 1182 ut
1279 1139 1395 1192 erit,
1439 1140 1501 1183 de
1538 1139 1675 1184 laete
1717 1140 1953 1183 minores
1981 1144 2002 1192 Ι
2031 1140 2100 1183 ad

402 1209 619 1264 longam
651 1210 949 1263 praestabit
981 1221 1157 1263 opem:
1190 1212 1232 1253 in
1264 1211 1416 1254 codice
1448 1210 1487 1254 A
1519 1211 1699 1255 delacta
1719 1219 1876 1264 exstat,
1891 1211 2011 1267 quod
2033 1212 2100 1254 vir

402 1280 557 1323 doctus
605 1280 726 1324 Emil
771 1280 979 1332 ThomaS,
1023 1279 1204 1330 Studien
1247 1294 1325 1325 zur
1366 1282 1646 1326 lateinischen
1679 1282 1767 1325 und
1799 1281 2099 1338 griechischen

404 1350 614 1407 Sprache‚
653 1364 693 1407 p.
738 1351 796 1394 42
839 1351 1076 1395 defendere
1108 1361 1302 1396 conatur.
1355 1352 1547 1396 Versum
1579 1354 1694 1396 enim
1726 1354 1782 1396 ita
1813 1353 2097 1409 interpungit:

405 1421 486 1464 illa
522 1421 717 1476 perinde
747 1433 873 1474 suos,
907 1426 965 1465 ut
1001 1422 1116 1466 erit
1155 1422 1249 1466 del
1260 1426 1407 1477 acta,
1440 1423 1640 1467 minores
1670 1422 1733 1467 ad
1762 1423 1945 1479 longam
1971 1433 2101 1478 prae-

400 1492 542 1536 stabit
579 1504 725 1547 opem,
759 1493 915 1536 deinde
958 1495 1019 1537 sic
1060 1494 1269 1549 explicat:
1308 1494 1570 1547 „delactas:·
1594 1495 1891 1550 kompositum
1925 1505 2003 1537 aus
2043 1493 2101 1536 de

400 1564 489 1606 und
527 1563 613 1615 lac,
655 1565 753 1607 eine
797 1564 988 1620 Bildung
1032 1566 1113 1608 wie
1153 1576 1322 1608 exosus
1362 1586 1419 1600 =
1455 1565 1646 1620 perinde
1685 1568 1733 1608 at
1776 1564 1862 1608 en't
1906 1563 2099 1614 demota,

400 1635 723 1690 entsprechend
756 1635 834 1678 der
870 1634 1018 1697 Milch,
1051 1637 1120 1679 die
1152 1638 1214 1679 sie
1247 1637 1499 1693 abgegeben
1532 1636 1646 1679 hat''.

466 1703 598 1759 Quae
647 1705 924 1760 Jacobsohn,
982 1702 1197 1750 Sol<rates
1259 1707 1382 1761 1915,
1437 1721 1477 1763 p.
1537 1707 1616 1750 541
1671 1707 1833 1762 optime
1880 1705 2100 1762 redarguit

402 1775 520 1819 hisce
554 1777 722 1819 verbis:

463 1846 695 1899 „delactus
729 1847 846 1890 kann
878 1860 962 1890 nur
994 1847 1168 1891 heissen
1199 1848 1424 1891 entweder
1456 1847 1534 1902 qui
1564 1847 1622 1890 de
1651 1847 1768 1891 lacte
1798 1850 1881 1899 est,
1913 1847 1992 1892 der
2007 1859 2100 1891 ent·
2167 1885 2171 1894 ,

401 1917 575 1961 Ψόὴηῐθ
607 1918 716 1961 oder
747 1917 822 1961 cui
851 1918 923 1961 lac
953 1929 1044 1961 non
1075 1921 1145 1961 est
1175 1938 1233 1953 =
1256 1917 1994 1971 deludentis,oinoyeyazamwe'voc
2010 1919 2099 1962 und

398 2000 518 2031 zwar
558 2000 609 2031 so
650 1988 754 2031 dasz
796 2001 844 2032 es
887 1988 949 2032 als
991 1989 1214 2032 dauernde
1259 1988 1533 2045 Eigenschaft
1576 1989 1787 2045 beigelegt
1815 1989 1940 2042 wird‚
1971 1990 2098 2046 einen

331 2086 338 2089 >
402 2058 599 2102 Zustand
632 2059 897 2114 bezeichnet,
930 2060 1047 2103 nicht
1079 2061 1184 2103 aber
1215 2072 1265 2103 so
1298 2060 1402 2103 dasz
1432 2071 1480 2102 es
1512 2059 1750 2115 irgendwie
1773 2059 1950 2103 verbale
1975 2058 2100 2102 Kraft

400 2130 574 2184 besitzt;
607 2130 789 2173 delaeta
820 2131 925 2173 aber
971 2132 1013 2173 in
1056 2131 1156 2174 dem
1201 2130 1342 2174 Verse
1374 2131 1451 2173 des
1499 2129 1698 2174 Grattius
1730 2120 2006 2173 aufzufassen
2035 2129 2099 2173 als

409 2200 502 2254 „die
563 2201 691 2244 keine
755 2199 888 2244 Milon
959 2202 1085 2244 mehr
1145 2201 1229 2254 hat,
1293 2201 1362 2244 die
1425 2200 1830 2257 Ausgemolkene”,
1878 2199 2096 2244 erscheint

399 2273 482 2314 mir
523 2272 644 2314 recht
687 2284 971 2328 gezwungen.
1029 2271 1238 2328 Dagegen
1271 2272 1359 2327 gibt
1392 2271 1460 2315 die
1493 2283 1581 2314 von
1615 2270 1813 2314 Vollmer
1844 2269 2099 2327 aufgenom·

400 2353 528 2385 mene
570 2341 724 2385 leichte
766 2342 1103 2398 Verbesserung
1146 2342 1203 2385 de
1243 2342 1361 2385 lacte
1391 2343 1518 2385 einen
1552 2341 1941 2397 ausgezeiehneten
1974 2339 2094 2385 Sinn.

399 2412 467 2455 De
498 2412 569 2455 hat
601 2412 696 2455 hier
728 2412 857 2455 mehr
887 2413 1232 2456 instrumentale
1263 2413 1543 2467 Becteutung,
1578 2414 1659 2455 wie
1690 2423 1802 2455 etwa
1836 2411 2007 2455 Lucret.
2043 2410 2094 2454 11.

397 2482 486 2526 877
517 2485 675 2525 nostro
705 2483 762 2525 de
793 2494 977 2537 corpore
1006 2495 1147 2538 saepe
1170 2483 1383 2538 ferarum
1414 2486 1668 2537 augescunt
1695 2482 1858 2526 vires'‘.

457 2554 515 2596 ut
547 2553 669 2596 erit:
707 2563 778 2605 „ut
809 2555 902 2609 ipsa
933 2566 981 2597 se
1014 2555 1214 2597 habebit’'
1247 2553 1576 2611 (Vollmerus)'’.

457 2694 607 2748 304s5.
670 2693 980 2746 fetaelcum
1014 2696 1206 2739 desunt
1239 2695 1407 2749 operi:
1442 2694 1577 2751 fetae
1607 2694 1722 2738 edidi
1753 2706 1853 2738 cum
1888 2694 2093 2748 Pithoeo;

399 2765 532 2821 vulgo
563 2766 765 2808 scribitur
788 2763 897 2820 fetu
929 2765 1071 2819 (dat.):
1112 2779 1211 2809 cum
1255 2777 1415 2809 matres
1447 2766 1549 2809 fetui
1580 2765 1654 2822 (=
1686 2765 1814 2822 proli)
1844 2765 2000 2809 desunt
2039 2784 2094 2801 =

397 2847 499 2878 eum
547 2836 696 2878 catulis
743 2836 807 2879 lac
854 2836 958 2879 dare
1007 2846 1167 2879 matres
1213 2849 1302 2880 non
1350 2838 1435 2879 iam
1483 2845 1689 2891 possunt3
1738 2845 1827 2878 tum
1875 2835 2004 2890 operi
2053 2836 2094 2877 in

397 2906 552 2960 operis
584 2915 795 2950 mutatum
829 2918 927 2950 cum
962 2906 1190 2950 industria
1221 2907 1574 2963 coniungendam
1606 2916 1695 2959 est;
1728 2907 1805 2950 sed
1836 2918 1925 2949 non
1957 2905 2096 2961 placet

397 2988 483 3030 que
514 2977 710 3020 secundo
742 2978 928 3032 denique
962 2978 1178 3020 vocabulo
1199 2979 1461 3030 .adnexum;
1493 2978 1611 3032 quod
1643 2988 1742 3020 cum
1774 2978 1902 3020 etiam
1936 2975 2096 3019 Robin-

394 3059 475 3090 son
510 3047 612 3091 Ellis
644 3049 925 3103 improbaret,
958 3050 1187 3103 proposuit
1224 3049 1399 3102 (philol.
1433 3048 1491 3091 52
1523 3047 1690 3104 [1894],
1724 3060 1764 3103 p.
1789 3045 1893 3103 488)
1914 3043 2095 3101 fetu<s>

342 3174 360 3186 l
399 3127 624 3174 totumque
672 3131 851 3162 versum
900 3119 961 3161 sic
1011 3119 1183 3162 volebat
1230 3119 1374 3175 legere
1415 3117 1549 3174 fetus
1580 3122 1598 3170 s
1628 3129 1729 3161 cam
1759 3117 1923 3160 desunt
1954 3115 2092 3171 operi,
