<?xml version="1.0" encoding="UTF-8"?>
<!DOCTYPE html PUBLIC "-//W3C//DTD XHTML 1.0 Transitional//EN"
    "http://www.w3.org/TR/xhtml1/DTD/xhtml1-transitional.dtd">
<html xmlns="http://www.w3.org/1999/xhtml" xml:lang="en" lang="en">
 <head>
  <title>
</title>
<meta http-equiv="Content-Type" content="text/html;charset=utf-8" />
  <meta name='ocr-system' content='tesseract 3.04.00' />
  <meta name='ocr-capabilities' content='ocr_page ocr_carea ocr_par ocr_line ocrx_word'/>
</head>
<body>
  <div class='ocr_page' id='page_1' title='image "./cynegeticonquaes00gratuoft_0228.png"; bbox 0 0 2210 3568; ppageno 0'>
   <div class='ocr_carea' id='block_1_1' title="bbox 1184 231 1265 277">
    <p class='ocr_par' dir='ltr' id='par_1_1' title="bbox 1184 231 1265 277">
     <span class='ocr_line' id='line_1_1' title="bbox 1184 231 1265 277; baseline 0.012 -1"><span class='ocrx_word' id='word_1_1' title='bbox 1184 231 1265 277; x_wconf 88' lang='grc'>108</span> 
     </span>
    </p>
   </div>
   <div class='ocr_carea' id='block_1_2' title="bbox 352 356 2062 2680">
    <p class='ocr_par' dir='ltr' id='par_1_2' title="bbox 352 356 2062 2680">
     <span class='ocr_line' id='line_1_2' title="bbox 421 356 908 418; baseline -0.002 -12"><span class='ocrx_word' id='word_1_2' title='bbox 421 361 555 418; x_wconf 92' lang='lat' dir='ltr'><strong><em>Verg.</em></strong></span> <span class='ocrx_word' id='word_1_3' title='bbox 590 361 745 406; x_wconf 88' lang='lat' dir='ltr'><strong><em>Bucol.</em></strong></span> <span class='ocrx_word' id='word_1_4' title='bbox 777 356 819 405; x_wconf 90' lang='lat'><strong><em>7.</em></strong></span> <span class='ocrx_word' id='word_1_5' title='bbox 852 361 908 405; x_wconf 84' lang='lat'><strong><em>57</em></strong></span> 
     </span>
     <span class='ocr_line' id='line_1_3' title="bbox 567 430 1675 486; baseline 0.003 -11"><span class='ocrx_word' id='word_1_6' title='bbox 567 435 665 475; x_wconf 93' lang='lat' dir='ltr'><strong><em>aret</em></strong></span> <span class='ocrx_word' id='word_1_7' title='bbox 695 442 830 486; x_wconf 85' lang='lat' dir='ltr'><strong><em>ager:</em></strong></span> <span class='ocrx_word' id='word_1_8' title='bbox 858 430 973 475; x_wconf 83' lang='lat' dir='ltr'><strong><em>vitio</em></strong></span> <span class='ocrx_word' id='word_1_9' title='bbox 1005 432 1204 477; x_wconf 87' lang='lat' dir='ltr'><strong><em>moriens</em></strong></span> <span class='ocrx_word' id='word_1_10' title='bbox 1234 432 1335 476; x_wconf 90' lang='lat' dir='ltr'><strong><em>sitit</em></strong></span> <span class='ocrx_word' id='word_1_11' title='bbox 1366 433 1491 477; x_wconf 86' lang='lat' dir='ltr'><strong><em>aeris</em></strong></span> <span class='ocrx_word' id='word_1_12' title='bbox 1524 433 1675 478; x_wconf 88' lang='lat' dir='ltr'><strong><em>herba.</em></strong></span> 
     </span>
     <span class='ocr_line' id='line_1_4' title="bbox 423 500 2061 562; baseline 0.002 -16"><span class='ocrx_word' id='word_1_13' title='bbox 423 500 709 546; x_wconf 79' lang='lat' dir='ltr'><strong><em>Conferenda</em></strong></span> <span class='ocrx_word' id='word_1_14' title='bbox 763 501 915 546; x_wconf 92' lang='lat' dir='ltr'><strong><em>Ovidii</em></strong></span> <span class='ocrx_word' id='word_1_15' title='bbox 961 514 1137 559; x_wconf 90' lang='lat' dir='ltr'><strong><em>quoque</em></strong></span> <span class='ocrx_word' id='word_1_16' title='bbox 1184 504 1318 560; x_wconf 88' lang='lat' dir='ltr'><strong><em>pestis</em></strong></span> <span class='ocrx_word' id='word_1_17' title='bbox 1349 503 1600 560; x_wconf 83' lang='lat' dir='ltr'><strong>descriptio,</strong></span> <span class='ocrx_word' id='word_1_18' title='bbox 1634 503 1931 562; x_wconf 86' lang='lat' dir='ltr'><strong><em>Metamorph.</em></strong></span> <span class='ocrx_word' id='word_1_19' title='bbox 1962 504 2061 550; x_wconf 89' lang='lat' dir='ltr'><strong><em>VII.</em></strong></span> 
     </span>
     <span class='ocr_line' id='line_1_5' title="bbox 360 571 613 616; baseline 0.004 -1"><span class='ocrx_word' id='word_1_20' title='bbox 360 571 613 616; x_wconf 85' lang='lat'><strong><em>523-613.</em></strong></span> 
     </span>
     <span class='ocr_line' id='line_1_6' title="bbox 420 641 2060 704; baseline 0.004 -19"><span class='ocrx_word' id='word_1_21' title='bbox 420 641 552 699; x_wconf 87' lang='lat' dir='ltr'>Digni</span> <span class='ocrx_word' id='word_1_22' title='bbox 583 643 657 698; x_wconf 89' lang='lat' dir='ltr'><strong><em>qui</em></strong></span> <span class='ocrx_word' id='word_1_23' title='bbox 688 652 1000 699; x_wconf 87' lang='lat' dir='ltr'><strong><em>comparentur</em></strong></span> <span class='ocrx_word' id='word_1_24' title='bbox 1030 645 1159 688; x_wconf 88' lang='lat' dir='ltr'><strong><em>etiam</em></strong></span> <span class='ocrx_word' id='word_1_25' title='bbox 1179 643 1435 689; x_wconf 85' lang='lat' dir='ltr'><strong><em>Nemesiani</em></strong></span> <span class='ocrx_word' id='word_1_26' title='bbox 1456 643 1631 702; x_wconf 90' lang='lat' dir='ltr'><strong><em>Cyneg.</em></strong></span> <span class='ocrx_word' id='word_1_27' title='bbox 1656 657 1814 691; x_wconf 85' lang='lat' dir='ltr'><strong><em>versus</em></strong></span> <span class='ocrx_word' id='word_1_28' title='bbox 1833 645 1924 691; x_wconf 92' lang='grc'>210</span> <span class='ocrx_word' id='word_1_29' title='bbox 1942 658 2060 704; x_wconf 88' lang='lat' dir='ltr'><strong><em>sqq.:</em></strong></span> 
     </span>
     <span class='ocr_line' id='line_1_7' title="bbox 418 712 1632 771; baseline 0.003 -15"><span class='ocrx_word' id='word_1_30' title='bbox 418 712 508 756; x_wconf 89' lang='grc'><strong><em>210</em></strong></span> <span class='ocrx_word' id='word_1_31' title='bbox 568 717 639 757; x_wconf 88' lang='lat' dir='ltr'><strong><em>est</em></strong></span> <span class='ocrx_word' id='word_1_32' title='bbox 669 713 810 761; x_wconf 89' lang='lat' dir='ltr'><strong><em>etiam</em></strong></span> <span class='ocrx_word' id='word_1_33' title='bbox 842 714 1034 759; x_wconf 88' lang='lat' dir='ltr'><strong><em>canibus</em></strong></span> <span class='ocrx_word' id='word_1_34' title='bbox 1064 715 1217 759; x_wconf 84' lang='lat' dir='ltr'><strong><em>rabies</em></strong></span> <span class='ocrx_word' id='word_1_35' title='bbox 1248 715 1384 759; x_wconf 87' lang='lat' dir='ltr'><strong><em>letale</em></strong></span> <span class='ocrx_word' id='word_1_36' title='bbox 1410 716 1632 771; x_wconf 83' lang='lat' dir='ltr'><strong><em>periclum</em></strong></span> 
     </span>
     <span class='ocr_line' id='line_1_8' title="bbox 566 784 1633 840; baseline 0.004 -13"><span class='ocrx_word' id='word_1_37' title='bbox 566 784 688 839; x_wconf 85' lang='lat' dir='ltr'><strong><em>quod</em></strong></span> <span class='ocrx_word' id='word_1_38' title='bbox 717 796 800 828; x_wconf 91' lang='lat' dir='ltr'><strong><em>seu</em></strong></span> <span class='ocrx_word' id='word_1_39' title='bbox 830 785 1019 829; x_wconf 88' lang='lat' dir='ltr'><strong><em>caelesti</em></strong></span> <span class='ocrx_word' id='word_1_40' title='bbox 1049 789 1260 840; x_wconf 89' lang='lat' dir='ltr'><strong><em>corrupto</em></strong></span> <span class='ocrx_word' id='word_1_41' title='bbox 1290 786 1442 830; x_wconf 85' lang='lat' dir='ltr'><strong><em>sidere</em></strong></span> <span class='ocrx_word' id='word_1_42' title='bbox 1473 790 1633 831; x_wconf 90' lang='lat' dir='ltr'><strong><em>manat</em></strong></span> 
     </span>
     <span class='ocr_line' id='line_1_9' title="bbox 565 856 1748 911; baseline 0.004 -13"><span class='ocrx_word' id='word_1_43' title='bbox 565 866 667 899; x_wconf 86' lang='lat' dir='ltr'><strong><em>cum</em></strong></span> <span class='ocrx_word' id='word_1_44' title='bbox 695 867 862 911; x_wconf 82' lang='lat' dir='ltr'><em>segnes</em></span> <span class='ocrx_word' id='word_1_45' title='bbox 894 856 1053 900; x_wconf 86' lang='lat' dir='ltr'><strong><em>radios</em></strong></span> <span class='ocrx_word' id='word_1_46' title='bbox 1081 856 1206 900; x_wconf 88' lang='lat' dir='ltr'><strong><em>tristi</em></strong></span> <span class='ocrx_word' id='word_1_47' title='bbox 1237 856 1469 901; x_wconf 86' lang='lat' dir='ltr'><strong><em>iaculatur</em></strong></span> <span class='ocrx_word' id='word_1_48' title='bbox 1495 858 1556 902; x_wconf 88' lang='lat' dir='ltr'><strong><em>ab</em></strong></span> <span class='ocrx_word' id='word_1_49' title='bbox 1586 858 1748 903; x_wconf 82' lang='lat' dir='ltr'><strong><em>aethra</em></strong></span> 
     </span>
     <span class='ocr_line' id='line_1_10' title="bbox 570 925 1826 984; baseline 0.002 -15"><span class='ocrx_word' id='word_1_50' title='bbox 570 925 780 970; x_wconf 89' lang='lat' dir='ltr'><strong><em>Phoebus</em></strong></span> <span class='ocrx_word' id='word_1_51' title='bbox 810 930 854 970; x_wconf 90' lang='lat' dir='ltr'><strong><em>et</em></strong></span> <span class='ocrx_word' id='word_1_52' title='bbox 884 927 1080 971; x_wconf 89' lang='lat' dir='ltr'><strong><em>attonito</em></strong></span> <span class='ocrx_word' id='word_1_53' title='bbox 1109 927 1293 982; x_wconf 88' lang='lat' dir='ltr'><strong><em>pallens</em></strong></span> <span class='ocrx_word' id='word_1_54' title='bbox 1323 931 1461 983; x_wconf 87' lang='lat' dir='ltr'><strong><em>caput</em></strong></span> <span class='ocrx_word' id='word_1_55' title='bbox 1492 928 1662 972; x_wconf 85' lang='lat' dir='ltr'><strong><em>exserit</em></strong></span> <span class='ocrx_word' id='word_1_56' title='bbox 1692 929 1826 984; x_wconf 81' lang='lat' dir='ltr'><strong><em>orbe,-</em></strong></span> 
     </span>
     <span class='ocr_line' id='line_1_11' title="bbox 566 996 1731 1056; baseline 0.003 -17"><span class='ocrx_word' id='word_1_57' title='bbox 566 996 670 1051; x_wconf 89' lang='lat' dir='ltr'><strong><em>(seu</em></strong></span> <span class='ocrx_word' id='word_1_58' title='bbox 700 997 850 1056; x_wconf 85' lang='lat' dir='ltr'><strong><em>magis</em></strong></span> <span class='ocrx_word' id='word_1_59' title='bbox 882 996 1097 1052; x_wconf 89' lang='lat' dir='ltr'><strong><em>ignicomi</em></strong></span> <span class='ocrx_word' id='word_1_60' title='bbox 1128 998 1374 1042; x_wconf 86' lang='lat' dir='ltr'><strong><em>candentia</em></strong></span> <span class='ocrx_word' id='word_1_61' title='bbox 1403 1002 1532 1054; x_wconf 90' lang='lat' dir='ltr'><strong><em>terga</em></strong></span> <span class='ocrx_word' id='word_1_62' title='bbox 1564 998 1731 1044; x_wconf 82' lang='lat' dir='ltr'><strong><em>Leonis</em></strong></span> 
     </span>
     <span class='ocr_line' id='line_1_12' title="bbox 415 1065 1912 1128; baseline 0.004 -18"><span class='ocrx_word' id='word_1_63' title='bbox 415 1065 503 1110; x_wconf 87' lang='lat'><strong><em>215</em></strong></span> <span class='ocrx_word' id='word_1_64' title='bbox 563 1078 664 1111; x_wconf 89' lang='lat' dir='ltr'><strong><em>cum</em></strong></span> <span class='ocrx_word' id='word_1_65' title='bbox 696 1067 857 1123; x_wconf 86' lang='lat' dir='ltr'><strong><em>quatit,</em></strong></span> <span class='ocrx_word' id='word_1_66' title='bbox 889 1068 974 1112; x_wconf 88' lang='lat' dir='ltr'><strong><em>hoc</em></strong></span> <span class='ocrx_word' id='word_1_67' title='bbox 1002 1068 1194 1113; x_wconf 88' lang='lat' dir='ltr'><strong><em>canibus</em></strong></span> <span class='ocrx_word' id='word_1_68' title='bbox 1225 1069 1409 1113; x_wconf 85' lang='lat' dir='ltr'><strong><em>blandis</em></strong></span> <span class='ocrx_word' id='word_1_69' title='bbox 1440 1069 1688 1114; x_wconf 84' lang='lat' dir='ltr'><strong><em>inviscerat</em></strong></span> <span class='ocrx_word' id='word_1_70' title='bbox 1716 1071 1912 1128; x_wconf 85' lang='lat' dir='ltr'><strong><em>aestus),</em></strong></span> 
     </span>
     <span class='ocr_line' id='line_1_13' title="bbox 565 1137 1606 1194; baseline 0.004 -14"><span class='ocrx_word' id='word_1_71' title='bbox 565 1137 752 1181; x_wconf 86' lang='lat' dir='ltr'><strong><em>exhalat</em></strong></span> <span class='ocrx_word' id='word_1_72' title='bbox 782 1150 866 1182; x_wconf 92' lang='lat' dir='ltr'><strong><em>seu</em></strong></span> <span class='ocrx_word' id='word_1_73' title='bbox 897 1142 1020 1182; x_wconf 83' lang='lat' dir='ltr'><strong><em>terra</em></strong></span> <span class='ocrx_word' id='word_1_74' title='bbox 1050 1139 1173 1194; x_wconf 92' lang='lat' dir='ltr'><strong><em>sinu,</em></strong></span> <span class='ocrx_word' id='word_1_75' title='bbox 1204 1151 1289 1183; x_wconf 92' lang='lat' dir='ltr'><strong><em>seu</em></strong></span> <span class='ocrx_word' id='word_1_76' title='bbox 1320 1140 1490 1184; x_wconf 87' lang='lat' dir='ltr'><strong><em>noxius</em></strong></span> <span class='ocrx_word' id='word_1_77' title='bbox 1521 1152 1606 1184; x_wconf 92' lang='lat' dir='ltr'><strong><em>aer</em></strong></span> 
     </span>
     <span class='ocr_line' id='line_1_14' title="bbox 565 1209 870 1254; baseline 0.003 -2"><span class='ocrx_word' id='word_1_78' title='bbox 565 1219 710 1252; x_wconf 90' lang='lat' dir='ltr'><strong><em>causa</em></strong></span> <span class='ocrx_word' id='word_1_79' title='bbox 744 1209 870 1254; x_wconf 90' lang='lat' dir='ltr'><strong><em>mali.</em></strong></span> 
     </span>
     <span class='ocr_line' id='line_1_15' title="bbox 416 1278 2062 1339; baseline 0.003 -18"><span class='ocrx_word' id='word_1_80' title='bbox 416 1289 565 1322; x_wconf 87' lang='lat' dir='ltr'><strong><em>suos.</em></strong></span> <span class='ocrx_word' id='word_1_81' title='bbox 584 1311 624 1323; x_wconf 95' lang='lat'><strong><em>..</em></strong></span> <span class='ocrx_word' id='word_1_82' title='bbox 673 1278 931 1324; x_wconf 86' lang='lat' dir='ltr'><strong><em>honores:</em></strong></span> <span class='ocrx_word' id='word_1_83' title='bbox 978 1280 1196 1337; x_wconf 83' lang='lat' dir='ltr'><strong><em>„pecora”</em></strong></span> <span class='ocrx_word' id='word_1_84' title='bbox 1237 1281 1420 1326; x_wconf 80' lang='lat' dir='ltr'><strong><em>Barth&#39;io</em></strong></span> <span class='ocrx_word' id='word_1_85' title='bbox 1456 1281 1595 1339; x_wconf 89' lang='lat' dir='ltr'><strong><em>(scite,</em></strong></span> <span class='ocrx_word' id='word_1_86' title='bbox 1641 1283 1779 1339; x_wconf 89' lang='lat' dir='ltr'><strong><em>inquit</em></strong></span> <span class='ocrx_word' id='word_1_87' title='bbox 1824 1281 1910 1337; x_wconf 88' lang='lat' dir='ltr'><strong><em>ille,</em></strong></span> <span class='ocrx_word' id='word_1_88' title='bbox 1945 1282 2062 1335; x_wconf 80' lang='lat' dir='ltr'><strong><em>,ani-</em></strong></span> 
     </span>
     <span class='ocr_line' id='line_1_16' title="bbox 361 1348 2060 1409; baseline 0.002 -17"><span class='ocrx_word' id='word_1_89' title='bbox 361 1348 518 1393; x_wconf 87' lang='lat' dir='ltr'><strong><em>malia’&#39;</em></strong></span> <span class='ocrx_word' id='word_1_90' title='bbox 550 1352 699 1393; x_wconf 87' lang='lat' dir='ltr'><strong><em>terrae</em></strong></span> <span class='ocrx_word' id='word_1_91' title='bbox 728 1350 926 1394; x_wconf 87' lang='lat' dir='ltr'><strong><em>honores</em></strong></span> <span class='ocrx_word' id='word_1_92' title='bbox 957 1353 1172 1407; x_wconf 90' lang='lat' dir='ltr'><strong><em>nominat)</em></strong></span> <span class='ocrx_word' id='word_1_93' title='bbox 1197 1361 1436 1409; x_wconf 88' lang='lat' dir='ltr'><strong><em>praeeunte</em></strong></span> <span class='ocrx_word' id='word_1_94' title='bbox 1456 1353 1766 1409; x_wconf 84' lang='lat' dir='ltr'><strong><em>interpretatur</em></strong></span> <span class='ocrx_word' id='word_1_95' title='bbox 1787 1351 2060 1407; x_wconf 82' lang='lat' dir='ltr'><strong><em>Vollmerus3</em></strong></span> 
     </span>
     <span class='ocr_line' id='line_1_17' title="bbox 356 1419 2062 1479; baseline 0.002 -16"><span class='ocrx_word' id='word_1_96' title='bbox 356 1420 436 1464; x_wconf 88' lang='lat' dir='ltr'><strong><em>sed</em></strong></span> <span class='ocrx_word' id='word_1_97' title='bbox 481 1420 649 1465; x_wconf 86' lang='lat' dir='ltr'><strong><em>herbas</em></strong></span> <span class='ocrx_word' id='word_1_98' title='bbox 684 1419 904 1477; x_wconf 74' lang='lat' dir='ltr'><strong><em>frugesve</em></strong></span> <span class='ocrx_word' id='word_1_99' title='bbox 950 1422 1041 1466; x_wconf 94' lang='lat' dir='ltr'><strong><em>vult</em></strong></span> <span class='ocrx_word' id='word_1_100' title='bbox 1078 1432 1221 1479; x_wconf 89' lang='lat' dir='ltr'><strong><em>poeta,</em></strong></span> <span class='ocrx_word' id='word_1_101' title='bbox 1252 1422 1306 1467; x_wconf 82' lang='lat' dir='ltr'><strong><em>cf.</em></strong></span> <span class='ocrx_word' id='word_1_102' title='bbox 1342 1422 1500 1467; x_wconf 87' lang='lat' dir='ltr'><strong><em>Horat.</em></strong></span> <span class='ocrx_word' id='word_1_103' title='bbox 1532 1434 1667 1467; x_wconf 86' lang='lat' dir='ltr'><strong><em>carm.</em></strong></span> <span class='ocrx_word' id='word_1_104' title='bbox 1701 1421 1733 1468; x_wconf 95' lang='lat' dir='ltr'><strong><em>I.</em></strong></span> <span class='ocrx_word' id='word_1_105' title='bbox 1772 1422 1836 1468; x_wconf 91' lang='grc'><strong><em>17.</em></strong></span> <span class='ocrx_word' id='word_1_106' title='bbox 1875 1421 1928 1467; x_wconf 91' lang='grc'>16</span> <span class='ocrx_word' id='word_1_107' title='bbox 1956 1421 2062 1467; x_wconf 85' lang='lat' dir='ltr'><strong><em>hinc</em></strong></span> 
     </span>
     <span class='ocr_line' id='line_1_18' title="bbox 356 1489 2060 1549; baseline 0.002 -15"><span class='ocrx_word' id='word_1_108' title='bbox 356 1489 440 1534; x_wconf 89' lang='lat' dir='ltr'><strong><em>tibi</em></strong></span> <span class='ocrx_word' id='word_1_109' title='bbox 468 1490 602 1546; x_wconf 88' lang='lat' dir='ltr'><strong><em>copia</em></strong></span> <span class='ocrx_word' id='word_1_110' title='bbox 632 1494 652 1544; x_wconf 80' lang='lat' dir='ltr'><em>s</em></span> <span class='ocrx_word' id='word_1_111' title='bbox 684 1491 891 1536; x_wconf 85' lang='lat' dir='ltr'><strong><em>manabit</em></strong></span> <span class='ocrx_word' id='word_1_112' title='bbox 910 1492 973 1536; x_wconf 87' lang='lat' dir='ltr'><strong><em>ad</em></strong></span> <span class='ocrx_word' id='word_1_113' title='bbox 993 1493 1182 1548; x_wconf 87' lang='lat' dir='ltr'><strong><em>plenum</em></strong></span> <span class='ocrx_word' id='word_1_114' title='bbox 1203 1492 1399 1548; x_wconf 89' lang='lat' dir='ltr'><strong><em>benigno</em></strong></span> <span class='ocrx_word' id='word_1_115' title='bbox 1418 1497 1438 1547; x_wconf 81' lang='lat' dir='ltr'><em>s</em></span> <span class='ocrx_word' id='word_1_116' title='bbox 1459 1492 1578 1537; x_wconf 87' lang='lat' dir='ltr'><strong><em>ruris</em></strong></span> <span class='ocrx_word' id='word_1_117' title='bbox 1599 1493 1824 1538; x_wconf 87' lang='lat' dir='ltr'><strong><em>honorum</em></strong></span> <span class='ocrx_word' id='word_1_118' title='bbox 1843 1493 2060 1549; x_wconf 86' lang='lat' dir='ltr'><strong><em>opulenta</em></strong></span> 
     </span>
     <span class='ocr_line' id='line_1_19' title="bbox 357 1560 2061 1621; baseline 0.001 -16"><span class='ocrx_word' id='word_1_119' title='bbox 357 1572 512 1616; x_wconf 87' lang='lat' dir='ltr'><strong><em>cornu,</em></strong></span> <span class='ocrx_word' id='word_1_120' title='bbox 559 1562 634 1606; x_wconf 90' lang='lat' dir='ltr'><strong><em>ubi</em></strong></span> <span class='ocrx_word' id='word_1_121' title='bbox 677 1562 816 1607; x_wconf 85' lang='lat' dir='ltr'><strong><em>schol.</em></strong></span> <span class='ocrx_word' id='word_1_122' title='bbox 854 1560 1026 1619; x_wconf 87' lang='lat' dir='ltr'><strong><em>fruges</em></strong></span> <span class='ocrx_word' id='word_1_123' title='bbox 1069 1566 1217 1608; x_wconf 84' lang='lat' dir='ltr'><strong><em>terrae</em></strong></span> <span class='ocrx_word' id='word_1_124' title='bbox 1247 1565 1581 1621; x_wconf 87' lang='lat' dir='ltr'><strong><em>interpretatur;</em></strong></span> <span class='ocrx_word' id='word_1_125' title='bbox 1613 1563 1704 1609; x_wconf 85' lang='lat' dir='ltr'><strong><em>Sat.</em></strong></span> <span class='ocrx_word' id='word_1_126' title='bbox 1738 1563 1793 1609; x_wconf 88' lang='lat'><strong><em>11.</em></strong></span> <span class='ocrx_word' id='word_1_127' title='bbox 1824 1563 1866 1609; x_wconf 89' lang='lat'><strong><em>5.</em></strong></span> <span class='ocrx_word' id='word_1_128' title='bbox 1905 1562 1970 1607; x_wconf 85' lang='lat'><strong><em>12.</em></strong></span> <span class='ocrx_word' id='word_1_129' title='bbox 2009 1563 2061 1607; x_wconf 88' lang='grc'>13</span> 
     </span>
     <span class='ocr_line' id='line_1_20' title="bbox 356 1631 2060 1692; baseline 0.002 -17"><span class='ocrx_word' id='word_1_130' title='bbox 356 1631 509 1676; x_wconf 86' lang='lat' dir='ltr'><strong><em>dulcia</em></strong></span> <span class='ocrx_word' id='word_1_131' title='bbox 550 1643 694 1688; x_wconf 88' lang='lat' dir='ltr'><strong><em>poma</em></strong></span> <span class='ocrx_word' id='word_1_132' title='bbox 723 1636 743 1687; x_wconf 74' lang='lat' dir='ltr'><em>s</em></span> <span class='ocrx_word' id='word_1_133' title='bbox 773 1637 817 1677; x_wconf 90' lang='lat' dir='ltr'><strong><em>et</em></strong></span> <span class='ocrx_word' id='word_1_134' title='bbox 863 1644 1171 1690; x_wconf 84' lang='lat' dir='ltr'><strong><em>quoscumque</em></strong></span> <span class='ocrx_word' id='word_1_135' title='bbox 1193 1632 1322 1691; x_wconf 88' lang='lat' dir='ltr'><strong><em>seret</em></strong></span> <span class='ocrx_word' id='word_1_136' title='bbox 1349 1635 1500 1679; x_wconf 86' lang='lat' dir='ltr'><strong><em>cultus</em></strong></span> <span class='ocrx_word' id='word_1_137' title='bbox 1528 1635 1612 1679; x_wconf 90' lang='lat' dir='ltr'><strong><em>tibi</em></strong></span> <span class='ocrx_word' id='word_1_138' title='bbox 1633 1633 1819 1692; x_wconf 87' lang='lat' dir='ltr'><strong><em>fundus</em></strong></span> <span class='ocrx_word' id='word_1_139' title='bbox 1850 1634 2060 1689; x_wconf 87' lang='lat' dir='ltr'><strong><em>honores,</em></strong></span> 
     </span>
     <span class='ocr_line' id='line_1_21' title="bbox 361 1700 2057 1761; baseline 0.002 -14"><span class='ocrx_word' id='word_1_140' title='bbox 361 1700 595 1747; x_wconf 86' lang='lat' dir='ltr'><strong><em>Claudian.</em></strong></span> <span class='ocrx_word' id='word_1_141' title='bbox 642 1703 697 1747; x_wconf 91' lang='lat' dir='ltr'><strong><em>de</em></strong></span> <span class='ocrx_word' id='word_1_142' title='bbox 743 1714 868 1760; x_wconf 87' lang='lat' dir='ltr'><strong><em>raptu</em></strong></span> <span class='ocrx_word' id='word_1_143' title='bbox 916 1703 1125 1761; x_wconf 86' lang='lat' dir='ltr'><strong><em>Proserp.</em></strong></span> <span class='ocrx_word' id='word_1_144' title='bbox 1176 1704 1228 1750; x_wconf 92' lang='lat' dir='ltr'><strong><em>II.</em></strong></span> <span class='ocrx_word' id='word_1_145' title='bbox 1268 1704 1349 1749; x_wconf 91' lang='grc'><strong><em>128</em></strong></span> <span class='ocrx_word' id='word_1_146' title='bbox 1375 1709 1612 1761; x_wconf 79' lang='lat' dir='ltr'><strong><em>pratorum</em></strong></span> <span class='ocrx_word' id='word_1_147' title='bbox 1641 1705 1869 1761; x_wconf 85' lang='lat' dir='ltr'><strong><em>spoliatur</em></strong></span> <span class='ocrx_word' id='word_1_148' title='bbox 1898 1705 2057 1750; x_wconf 87' lang='lat' dir='ltr'><strong><em>honos.</em></strong></span> 
     </span>
     <span class='ocr_line' id='line_1_22' title="bbox 357 1770 2058 1831; baseline 0.001 -13"><span class='ocrx_word' id='word_1_149' title='bbox 357 1773 574 1818; x_wconf 84' lang='lat' dir='ltr'><strong><em>Versibus</em></strong></span> <span class='ocrx_word' id='word_1_150' title='bbox 619 1770 858 1818; x_wconf 82' lang='lat'><strong><em>373—376</em></strong></span> <span class='ocrx_word' id='word_1_151' title='bbox 902 1786 1074 1819; x_wconf 88' lang='lat' dir='ltr'><strong><em>causae</em></strong></span> <span class='ocrx_word' id='word_1_152' title='bbox 1112 1778 1251 1830; x_wconf 85' lang='lat' dir='ltr'><strong><em>atque</em></strong></span> <span class='ocrx_word' id='word_1_153' title='bbox 1279 1775 1417 1831; x_wconf 87' lang='lat' dir='ltr'><strong><em>signa</em></strong></span> <span class='ocrx_word' id='word_1_154' title='bbox 1447 1785 1762 1821; x_wconf 86' lang='lat' dir='ltr'><strong><em>enumerantur</em></strong></span> <span class='ocrx_word' id='word_1_155' title='bbox 1793 1776 2058 1820; x_wconf 89' lang='lat' dir='ltr'><strong><em>imminentis</em></strong></span> 
     </span>
     <span class='ocr_line' id='line_1_23' title="bbox 357 1844 2058 1903; baseline 0.002 -16"><span class='ocrx_word' id='word_1_156' title='bbox 357 1844 513 1898; x_wconf 88' lang='lat' dir='ltr'><strong><em>morbi,</em></strong></span> <span class='ocrx_word' id='word_1_157' title='bbox 556 1855 699 1900; x_wconf 90' lang='lat' dir='ltr'><strong><em>neque</em></strong></span> <span class='ocrx_word' id='word_1_158' title='bbox 729 1846 846 1889; x_wconf 88' lang='lat' dir='ltr'><strong><em>enim</em></strong></span> <span class='ocrx_word' id='word_1_159' title='bbox 879 1846 933 1889; x_wconf 89' lang='lat' dir='ltr'><strong><em>ad</em></strong></span> <span class='ocrx_word' id='word_1_160' title='bbox 965 1846 1066 1890; x_wconf 83' lang='lat' dir='ltr'><strong><em>mali</em></strong></span> <span class='ocrx_word' id='word_1_161' title='bbox 1095 1845 1261 1891; x_wconf 87' lang='lat' dir='ltr'><strong><em>fontem</em></strong></span> <span class='ocrx_word' id='word_1_162' title='bbox 1294 1846 1584 1891; x_wconf 90' lang='lat' dir='ltr'><strong><em>avertendum</em></strong></span> <span class='ocrx_word' id='word_1_163' title='bbox 1615 1846 1960 1903; x_wconf 86' lang='lat' dir='ltr'><strong><em>exspectandum</em></strong></span> <span class='ocrx_word' id='word_1_164' title='bbox 1991 1855 2058 1891; x_wconf 88' lang='lat' dir='ltr'><strong><em>est</em></strong></span> 
     </span>
     <span class='ocr_line' id='line_1_24' title="bbox 357 1914 1976 1973; baseline 0.002 -14"><span class='ocrx_word' id='word_1_165' title='bbox 357 1915 570 1968; x_wconf 88' lang='lat' dir='ltr'><strong><em>venatori,</em></strong></span> <span class='ocrx_word' id='word_1_166' title='bbox 602 1914 707 1959; x_wconf 90' lang='lat' dir='ltr'><strong><em>dum</em></strong></span> <span class='ocrx_word' id='word_1_167' title='bbox 739 1927 872 1960; x_wconf 87' lang='lat' dir='ltr'><strong><em>canes</em></strong></span> <span class='ocrx_word' id='word_1_168' title='bbox 903 1917 1023 1973; x_wconf 88' lang='lat' dir='ltr'><strong><em>aegri</em></strong></span> <span class='ocrx_word' id='word_1_169' title='bbox 1053 1917 1140 1960; x_wconf 86' lang='lat' dir='ltr'><strong><em>iam</em></strong></span> <span class='ocrx_word' id='word_1_170' title='bbox 1171 1915 1287 1971; x_wconf 78' lang='lat' dir='ltr'><strong><em>fiant,</em></strong></span> <span class='ocrx_word' id='word_1_171' title='bbox 1320 1916 1374 1961; x_wconf 81' lang='lat' dir='ltr'><strong><em>cf.</em></strong></span> <span class='ocrx_word' id='word_1_172' title='bbox 1406 1918 1536 1962; x_wconf 87' lang='lat' dir='ltr'><strong><em>etiam</em></strong></span> <span class='ocrx_word' id='word_1_173' title='bbox 1570 1915 1701 1962; x_wconf 89' lang='lat' dir='ltr'><strong><em>Lucr.</em></strong></span> <span class='ocrx_word' id='word_1_174' title='bbox 1734 1915 1812 1962; x_wconf 94' lang='lat' dir='ltr'><strong><em>VI.</em></strong></span> <span class='ocrx_word' id='word_1_175' title='bbox 1851 1916 1976 1962; x_wconf 89' lang='grc'>1126.</span> 
     </span>
     <span class='ocr_line' id='line_1_25' title="bbox 416 1985 2056 2043; baseline 0.002 -16"><span class='ocrx_word' id='word_1_176' title='bbox 416 1985 728 2039; x_wconf 86' lang='lat' dir='ltr'><strong><em>populatur:</em></strong></span> <span class='ocrx_word' id='word_1_177' title='bbox 759 1986 814 2030; x_wconf 88' lang='lat' dir='ltr'><strong><em>ad</em></strong></span> <span class='ocrx_word' id='word_1_178' title='bbox 846 1996 1045 2031; x_wconf 90' lang='lat' dir='ltr'><strong><em>nostrum</em></strong></span> <span class='ocrx_word' id='word_1_179' title='bbox 1077 1986 1223 2031; x_wconf 88' lang='lat' dir='ltr'><strong><em>locum</em></strong></span> <span class='ocrx_word' id='word_1_180' title='bbox 1255 1987 1432 2031; x_wconf 84' lang='lat' dir='ltr'><strong><em>adnotat</em></strong></span> <span class='ocrx_word' id='word_1_181' title='bbox 1454 2001 1496 2032; x_wconf 93' lang='lat' dir='ltr'><strong><em>v.</em></strong></span> <span class='ocrx_word' id='word_1_182' title='bbox 1517 1987 1560 2032; x_wconf 91' lang='lat' dir='ltr'><strong><em>d.</em></strong></span> <span class='ocrx_word' id='word_1_183' title='bbox 1587 1985 1754 2032; x_wconf 89' lang='lat' dir='ltr'><strong><em>Curcio</em></strong></span> <span class='ocrx_word' id='word_1_184' title='bbox 1776 1987 2056 2043; x_wconf 54' lang='lat' dir='ltr'><strong><em>„populatum</em></strong></span> 
     </span>
     <span class='ocr_line' id='line_1_26' title="bbox 355 2056 2056 2114; baseline 0.002 -15"><span class='ocrx_word' id='word_1_185' title='bbox 355 2067 446 2100; x_wconf 90' lang='lat' dir='ltr'><strong><em>non</em></strong></span> <span class='ocrx_word' id='word_1_186' title='bbox 490 2056 686 2101; x_wconf 85' lang='lat' dir='ltr'><strong><em>devasta</em></strong></span> <span class='ocrx_word' id='word_1_187' title='bbox 731 2069 802 2100; x_wconf 88' lang='lat' dir='ltr'><strong><em>ma</em></strong></span> <span class='ocrx_word' id='word_1_188' title='bbox 848 2068 1093 2112; x_wconf 84' lang='lat' dir='ltr'><strong><em>corrompe‚</em></strong></span> <span class='ocrx_word' id='word_1_189' title='bbox 1136 2061 1322 2112; x_wconf 86' lang='lat' dir='ltr'><strong><em>guasta,</em></strong></span> <span class='ocrx_word' id='word_1_190' title='bbox 1370 2059 1407 2102; x_wconf 92' lang='lat' dir='ltr'><strong><em>si</em></strong></span> <span class='ocrx_word' id='word_1_191' title='bbox 1454 2058 1536 2103; x_wconf 87' lang='lat' dir='ltr'><strong><em>che</em></strong></span> <span class='ocrx_word' id='word_1_192' title='bbox 1581 2059 1593 2101; x_wconf 89' lang='lat' dir='ltr'><strong><em>i</em></strong></span> <span class='ocrx_word' id='word_1_193' title='bbox 1634 2057 1766 2102; x_wconf 79' lang='lat' dir='ltr'><strong><em>frutte</em></strong></span> <span class='ocrx_word' id='word_1_194' title='bbox 1799 2058 2056 2114; x_wconf 83' lang='lat' dir='ltr'><strong><em>producano</em></strong></span> 
     </span>
     <span class='ocr_line' id='line_1_27' title="bbox 356 2126 2058 2186; baseline 0.002 -17"><span class='ocrx_word' id='word_1_195' title='bbox 356 2126 567 2180; x_wconf 88' lang='lat' dir='ltr'><strong><em>malattie;</em></strong></span> <span class='ocrx_word' id='word_1_196' title='bbox 599 2128 642 2170; x_wconf 92' lang='lat' dir='ltr'><strong><em>in</em></strong></span> <span class='ocrx_word' id='word_1_197' title='bbox 675 2137 831 2183; x_wconf 90' lang='lat' dir='ltr'><strong><em>questo</em></strong></span> <span class='ocrx_word' id='word_1_198' title='bbox 862 2127 1103 2184; x_wconf 83' lang='lat' dir='ltr'><strong><em>significato</em></strong></span> <span class='ocrx_word' id='word_1_199' title='bbox 1130 2129 1329 2183; x_wconf 86' lang='lat' dir='ltr'><strong><em>populor</em></strong></span> <span class='ocrx_word' id='word_1_200' title='bbox 1355 2141 1445 2173; x_wconf 92' lang='lat' dir='ltr'><strong><em>non</em></strong></span> <span class='ocrx_word' id='word_1_201' title='bbox 1477 2129 1503 2173; x_wconf 79' lang='grc' dir='ltr'>ὲ</span> <span class='ocrx_word' id='word_1_202' title='bbox 1534 2129 1774 2186; x_wconf 89' lang='lat' dir='ltr'><strong><em>adoperato</em></strong></span> <span class='ocrx_word' id='word_1_203' title='bbox 1804 2128 1918 2185; x_wconf 88' lang='lat' dir='ltr'><strong><em>dagli</em></strong></span> <span class='ocrx_word' id='word_1_204' title='bbox 1934 2130 2058 2173; x_wconf 89' lang='lat' dir='ltr'><strong><em>serit-</em></strong></span> 
     </span>
     <span class='ocr_line' id='line_1_28' title="bbox 355 2196 2056 2256; baseline 0.002 -16"><span class='ocrx_word' id='word_1_205' title='bbox 355 2196 483 2241; x_wconf 86' lang='lat' dir='ltr'><strong><em>tori.’&#39;</em></strong></span> <span class='ocrx_word' id='word_1_206' title='bbox 515 2197 733 2252; x_wconf 88' lang='lat' dir='ltr'><strong><em>Populari</em></strong></span> <span class='ocrx_word' id='word_1_207' title='bbox 763 2209 922 2242; x_wconf 90' lang='lat' dir='ltr'><strong><em>revera</em></strong></span> <span class='ocrx_word' id='word_1_208' title='bbox 951 2199 1271 2254; x_wconf 81' lang='lat' dir='ltr'><strong><em>corrumpendi</em></strong></span> <span class='ocrx_word' id='word_1_209' title='bbox 1300 2212 1480 2244; x_wconf 89' lang='lat' dir='ltr'><strong><em>sensum</em></strong></span> <span class='ocrx_word' id='word_1_210' title='bbox 1513 2200 1675 2244; x_wconf 87' lang='lat' dir='ltr'><strong><em>habere</em></strong></span> <span class='ocrx_word' id='word_1_211' title='bbox 1706 2211 1838 2256; x_wconf 89' lang='lat' dir='ltr'><strong><em>posse</em></strong></span> <span class='ocrx_word' id='word_1_212' title='bbox 1868 2199 2056 2245; x_wconf 90' lang='lat' dir='ltr'><strong><em>ostendit</em></strong></span> 
     </span>
     <span class='ocr_line' id='line_1_29' title="bbox 357 2259 2053 2326; baseline 0.002 -16"><span class='ocrx_word' id='word_1_213' title='bbox 357 2265 543 2321; x_wconf 87' lang='lat' dir='ltr'><strong><em>Seneca,</em></strong></span> <span class='ocrx_word' id='word_1_214' title='bbox 601 2266 790 2312; x_wconf 78' lang='lat' dir='ltr'><strong><em>phaedr.</em></strong></span> <span class='ocrx_word' id='word_1_215' title='bbox 854 2268 964 2312; x_wconf 85' lang='lat'>1095</span> <span class='ocrx_word' id='word_1_216' title='bbox 1012 2272 1056 2312; x_wconf 92' lang='lat' dir='ltr'><strong><em>et</em></strong></span> <span class='ocrx_word' id='word_1_217' title='bbox 1100 2259 1199 2313; x_wconf 68' lang='lat' dir='ltr'><strong><em>ora&#39;</em></strong></span> <span class='ocrx_word' id='word_1_218' title='bbox 1222 2270 1367 2313; x_wconf 87' lang='lat' dir='ltr'><strong><em>durus</em></strong></span> <span class='ocrx_word' id='word_1_219' title='bbox 1408 2270 1600 2325; x_wconf 84' lang='lat' dir='ltr'><strong><em>pulchra</em></strong></span> <span class='ocrx_word' id='word_1_220' title='bbox 1641 2270 1890 2325; x_wconf 82' lang='lat' dir='ltr'><strong><em>populatur</em></strong></span> <span class='ocrx_word' id='word_1_221' title='bbox 1919 2269 2053 2326; x_wconf 89' lang='lat' dir='ltr'><strong><em>lapis.</em></strong></span> 
     </span>
     <span class='ocr_line' id='line_1_30' title="bbox 357 2336 2054 2397; baseline 0.002 -17"><span class='ocrx_word' id='word_1_222' title='bbox 357 2336 557 2381; x_wconf 87' lang='lat' dir='ltr'><strong><em>Eundem</em></strong></span> <span class='ocrx_word' id='word_1_223' title='bbox 605 2350 762 2382; x_wconf 91' lang='lat' dir='ltr'><strong><em>versus</em></strong></span> <span class='ocrx_word' id='word_1_224' title='bbox 809 2338 939 2383; x_wconf 87' lang='lat' dir='ltr'><strong><em>finem</em></strong></span> <span class='ocrx_word' id='word_1_225' title='bbox 986 2349 1115 2396; x_wconf 90' lang='lat' dir='ltr'><strong><em>atque</em></strong></span> <span class='ocrx_word' id='word_1_226' title='bbox 1152 2341 1269 2397; x_wconf 86' lang='lat' dir='ltr'><strong><em>apud</em></strong></span> <span class='ocrx_word' id='word_1_227' title='bbox 1318 2339 1541 2385; x_wconf 82' lang='lat' dir='ltr'><strong><em>Grattium</em></strong></span> <span class='ocrx_word' id='word_1_228' title='bbox 1585 2341 1721 2385; x_wconf 84' lang='lat' dir='ltr'><strong><em>habes</em></strong></span> <span class='ocrx_word' id='word_1_229' title='bbox 1751 2340 1866 2397; x_wconf 84' lang='lat' dir='ltr'><strong><em>apud</em></strong></span> <span class='ocrx_word' id='word_1_230' title='bbox 1901 2339 2054 2386; x_wconf 90' lang='lat' dir='ltr'><strong><em>Silium</em></strong></span> 
     </span>
     <span class='ocr_line' id='line_1_31' title="bbox 357 2407 2055 2469; baseline 0.004 -19"><span class='ocrx_word' id='word_1_231' title='bbox 357 2407 488 2454; x_wconf 85' lang='lat' dir='ltr'><strong><em>Italic.</em></strong></span> <span class='ocrx_word' id='word_1_232' title='bbox 520 2407 617 2452; x_wconf 91' lang='lat' dir='ltr'><strong><em>XII.</em></strong></span> <span class='ocrx_word' id='word_1_233' title='bbox 648 2408 736 2452; x_wconf 87' lang='lat'><strong><em>244</em></strong></span> <span class='ocrx_word' id='word_1_234' title='bbox 767 2409 1018 2466; x_wconf 85' lang='lat' dir='ltr'><strong><em>niveosque</em></strong></span> <span class='ocrx_word' id='word_1_235' title='bbox 1043 2423 1130 2466; x_wconf 90' lang='lat' dir='ltr'><strong><em>per</em></strong></span> <span class='ocrx_word' id='word_1_236' title='bbox 1157 2415 1289 2456; x_wconf 89' lang='lat' dir='ltr'><strong><em>artus</em></strong></span> <span class='ocrx_word' id='word_1_237' title='bbox 1318 2416 1339 2466; x_wconf 79' lang='lat' dir='ltr'><em>s</em></span> <span class='ocrx_word' id='word_1_238' title='bbox 1370 2412 1404 2456; x_wconf 92' lang='lat' dir='ltr'><strong><em>it</em></strong></span> <span class='ocrx_word' id='word_1_239' title='bbox 1436 2412 1624 2468; x_wconf 83' lang='lat' dir='ltr'><strong><em>Stygius</em></strong></span> <span class='ocrx_word' id='word_1_240' title='bbox 1653 2413 1789 2467; x_wconf 87' lang='lat' dir='ltr'><strong><em>color,</em></strong></span> <span class='ocrx_word' id='word_1_241' title='bbox 1812 2415 1857 2455; x_wconf 86' lang='lat' dir='ltr'><strong><em>et</em></strong></span> <span class='ocrx_word' id='word_1_242' title='bbox 1867 2409 2055 2469; x_wconf 83' lang='lat' dir='ltr'><strong><em>formae</em></strong></span> 
     </span>
     <span class='ocr_line' id='line_1_32' title="bbox 352 2479 2055 2540; baseline 0.002 -18"><span class='ocrx_word' id='word_1_243' title='bbox 352 2479 675 2534; x_wconf 80' lang='lat' dir='ltr'><strong><em>populatur</em></strong></span> <span class='ocrx_word' id='word_1_244' title='bbox 720 2479 986 2536; x_wconf 85' lang='lat' dir='ltr'><strong><em>honores,</em></strong></span> <span class='ocrx_word' id='word_1_245' title='bbox 1035 2482 1090 2526; x_wconf 83' lang='lat' dir='ltr'><strong><em>cf.</em></strong></span> <span class='ocrx_word' id='word_1_246' title='bbox 1140 2482 1393 2539; x_wconf 87' lang='lat' dir='ltr'><strong><em>Prolegom.</em></strong></span> <span class='ocrx_word' id='word_1_247' title='bbox 1441 2497 1483 2540; x_wconf 89' lang='lat' dir='ltr'><strong><em>p.</em></strong></span> <span class='ocrx_word' id='word_1_248' title='bbox 1519 2482 1600 2528; x_wconf 67' lang='grc'>«30.</span> <span class='ocrx_word' id='word_1_249' title='bbox 1645 2483 1859 2540; x_wconf 88' lang='lat' dir='ltr'><strong><em>Equidem</em></strong></span> <span class='ocrx_word' id='word_1_250' title='bbox 1894 2480 2055 2527; x_wconf 86' lang='lat' dir='ltr'><strong><em>Grattii</em></strong></span> 
     </span>
     <span class='ocr_line' id='line_1_33' title="bbox 356 2551 2054 2610; baseline 0.002 -17"><span class='ocrx_word' id='word_1_251' title='bbox 356 2551 493 2594; x_wconf 89' lang='lat' dir='ltr'><strong><em>verba</em></strong></span> <span class='ocrx_word' id='word_1_252' title='bbox 523 2561 607 2593; x_wconf 89' lang='lat' dir='ltr'><strong><em>seu</em></strong></span> <span class='ocrx_word' id='word_1_253' title='bbox 633 2553 755 2594; x_wconf 86' lang='lat' dir='ltr'><strong><em>terra</em></strong></span> <span class='ocrx_word' id='word_1_254' title='bbox 776 2562 889 2594; x_wconf 90' lang='lat' dir='ltr'><strong><em>suos</em></strong></span> <span class='ocrx_word' id='word_1_255' title='bbox 907 2552 1157 2607; x_wconf 87' lang='lat' dir='ltr'><strong><em>populatur</em></strong></span> <span class='ocrx_word' id='word_1_256' title='bbox 1181 2552 1378 2597; x_wconf 88' lang='lat' dir='ltr'><strong><em>honores</em></strong></span> <span class='ocrx_word' id='word_1_257' title='bbox 1397 2555 1460 2598; x_wconf 90' lang='lat' dir='ltr'><strong><em>sic</em></strong></span> <span class='ocrx_word' id='word_1_258' title='bbox 1480 2554 1756 2610; x_wconf 89' lang='lat' dir='ltr'><strong><em>interpretari</em></strong></span> <span class='ocrx_word' id='word_1_259' title='bbox 1778 2553 1947 2597; x_wconf 82' lang='lat' dir='ltr'><strong><em>malim:</em></strong></span> <span class='ocrx_word' id='word_1_260' title='bbox 1970 2563 2054 2597; x_wconf 86' lang='lat' dir='ltr'><strong><em>seu</em></strong></span> 
     </span>
     <span class='ocr_line' id='line_1_34' title="bbox 355 2619 2051 2680; baseline 0.002 -17"><span class='ocrx_word' id='word_1_261' title='bbox 355 2623 477 2664; x_wconf 89' lang='lat' dir='ltr'><strong><em>terra</em></strong></span> <span class='ocrx_word' id='word_1_262' title='bbox 520 2619 780 2677; x_wconf 69' lang='lat' dir='ltr'><strong><em>&lt;pestiferis</em></strong></span> <span class='ocrx_word' id='word_1_263' title='bbox 820 2622 1215 2672; x_wconf 87' lang='lat' dir='ltr'><strong><em>exhalationibus&gt;</em></strong></span> <span class='ocrx_word' id='word_1_264' title='bbox 1236 2621 1404 2680; x_wconf 88' lang='lat' dir='ltr'><strong><em>fruges</em></strong></span> <span class='ocrx_word' id='word_1_265' title='bbox 1433 2636 1549 2669; x_wconf 83' lang='lat' dir='ltr'><strong><em>suas</em></strong></span> <span class='ocrx_word' id='word_1_266' title='bbox 1577 2623 1824 2679; x_wconf 86' lang='lat' dir='ltr'><strong><em>corrumpit</em></strong></span> <span class='ocrx_word' id='word_1_267' title='bbox 1851 2626 2051 2668; x_wconf 83' lang='lat' dir='ltr'><strong><em>necatve.</em></strong></span> 
     </span>
    </p>
   </div>
   <div class='ocr_carea' id='block_1_3' title="bbox 355 2761 2053 3030">
    <p class='ocr_par' dir='ltr' id='par_1_3' title="bbox 355 2761 2053 3030">
     <span class='ocr_line' id='line_1_35' title="bbox 415 2761 2053 2823; baseline 0.002 -19"><span class='ocrx_word' id='word_1_268' title='bbox 415 2761 519 2806; x_wconf 84' lang='lat'><strong><em>377.</em></strong></span> <span class='ocrx_word' id='word_1_269' title='bbox 550 2761 620 2806; x_wconf 92' lang='lat'><strong><em>78.</em></strong></span> <span class='ocrx_word' id='word_1_270' title='bbox 653 2761 876 2806; x_wconf 76' lang='lat' dir='ltr'><strong><em>iontem.</em></strong></span> <span class='ocrx_word' id='word_1_271' title='bbox 897 2796 935 2806; x_wconf 90' lang='lat'><strong><em>..</em></strong></span> <span class='ocrx_word' id='word_1_272' title='bbox 976 2775 1218 2808; x_wconf 86' lang='lat' dir='ltr'><strong><em>amnem:</em></strong></span> <span class='ocrx_word' id='word_1_273' title='bbox 1251 2765 1304 2809; x_wconf 83' lang='lat' dir='ltr'><strong><em>cf.</em></strong></span> <span class='ocrx_word' id='word_1_274' title='bbox 1340 2765 1475 2823; x_wconf 83' lang='lat' dir='ltr'><strong><em>Verg.</em></strong></span> <span class='ocrx_word' id='word_1_275' title='bbox 1512 2764 1668 2822; x_wconf 86' lang='lat' dir='ltr'><strong><em>Georg</em></strong></span> <span class='ocrx_word' id='word_1_276' title='bbox 1701 2764 1776 2809; x_wconf 90' lang='lat'><strong><em>111.</em></strong></span> <span class='ocrx_word' id='word_1_277' title='bbox 1808 2763 1896 2808; x_wconf 89' lang='grc'>213</span> <span class='ocrx_word' id='word_1_278' title='bbox 1916 2767 2053 2820; x_wconf 84' lang='lat' dir='ltr'><strong><em>atque</em></strong></span> 
     </span>
     <span class='ocr_line' id='line_1_36' title="bbox 357 2832 2051 2892; baseline 0.002 -17"><span class='ocrx_word' id='word_1_279' title='bbox 357 2832 460 2877; x_wconf 86' lang='lat' dir='ltr'><strong><em>ideo</em></strong></span> <span class='ocrx_word' id='word_1_280' title='bbox 490 2835 650 2876; x_wconf 88' lang='lat' dir='ltr'><strong><em>tauros</em></strong></span> <span class='ocrx_word' id='word_1_281' title='bbox 681 2834 841 2888; x_wconf 89' lang='lat' dir='ltr'><strong><em>procul</em></strong></span> <span class='ocrx_word' id='word_1_282' title='bbox 871 2837 1007 2888; x_wconf 87' lang='lat' dir='ltr'><strong><em>atque</em></strong></span> <span class='ocrx_word' id='word_1_283' title='bbox 1040 2835 1087 2878; x_wconf 93' lang='lat' dir='ltr'><strong><em>in</em></strong></span> <span class='ocrx_word' id='word_1_284' title='bbox 1117 2836 1215 2879; x_wconf 94' lang='lat' dir='ltr'><strong><em>sole</em></strong></span> <span class='ocrx_word' id='word_1_285' title='bbox 1246 2837 1448 2891; x_wconf 90' lang='lat' dir='ltr'><strong><em>relegant</em></strong></span> <span class='ocrx_word' id='word_1_286' title='bbox 1477 2841 1496 2890; x_wconf 80' lang='lat' dir='ltr'><em>s</em></span> <span class='ocrx_word' id='word_1_287' title='bbox 1513 2847 1706 2892; x_wconf 89' lang='lat' dir='ltr'><strong><em>pascua,</em></strong></span> <span class='ocrx_word' id='word_1_288' title='bbox 1725 2838 1834 2891; x_wconf 88' lang='lat' dir='ltr'><strong><em>post</em></strong></span> <span class='ocrx_word' id='word_1_289' title='bbox 1854 2838 2051 2879; x_wconf 86' lang='lat' dir='ltr'><strong><em>montem</em></strong></span> 
     </span>
     <span class='ocr_line' id='line_1_37' title="bbox 356 2903 2049 2962; baseline 0.002 -16"><span class='ocrx_word' id='word_1_290' title='bbox 356 2903 615 2958; x_wconf 87' lang='lat' dir='ltr'><strong><em>oppositum</em></strong></span> <span class='ocrx_word' id='word_1_291' title='bbox 645 2907 690 2947; x_wconf 91' lang='lat' dir='ltr'><strong><em>et</em></strong></span> <span class='ocrx_word' id='word_1_292' title='bbox 720 2907 850 2948; x_wconf 89' lang='lat' dir='ltr'><strong><em>trans</em></strong></span> <span class='ocrx_word' id='word_1_293' title='bbox 872 2904 1073 2960; x_wconf 89' lang='lat' dir='ltr'><strong><em>flumina</em></strong></span> <span class='ocrx_word' id='word_1_294' title='bbox 1104 2906 1214 2958; x_wconf 88' lang='lat' dir='ltr'><strong><em>lata,</em></strong></span> <span class='ocrx_word' id='word_1_295' title='bbox 1246 2916 1287 2950; x_wconf 91' lang='lat' dir='ltr'><strong><em>et</em></strong></span> <span class='ocrx_word' id='word_1_296' title='bbox 1319 2906 1430 2950; x_wconf 84' lang='lat' dir='ltr'><strong><em>infra</em></strong></span> <span class='ocrx_word' id='word_1_297' title='bbox 1462 2920 1529 2951; x_wconf 91' lang='lat' dir='ltr'><strong><em>vs.</em></strong></span> <span class='ocrx_word' id='word_1_298' title='bbox 1560 2906 1650 2951; x_wconf 91' lang='grc'><strong><em>270</em></strong></span> <span class='ocrx_word' id='word_1_299' title='bbox 1677 2910 1898 2962; x_wconf 89' lang='lat' dir='ltr'><strong><em>superant</em></strong></span> <span class='ocrx_word' id='word_1_300' title='bbox 1926 2917 2049 2950; x_wconf 89' lang='lat' dir='ltr'><strong><em>mon-</em></strong></span> 
     </span>
     <span class='ocr_line' id='line_1_38' title="bbox 355 2973 1040 3030; baseline 0.001 -13"><span class='ocrx_word' id='word_1_301' title='bbox 355 2977 426 3025; x_wconf 88' lang='lat' dir='ltr'><strong><em>tes</em></strong></span> <span class='ocrx_word' id='word_1_302' title='bbox 456 2977 500 3017; x_wconf 93' lang='lat' dir='ltr'><strong><em>et</em></strong></span> <span class='ocrx_word' id='word_1_303' title='bbox 522 2973 724 3030; x_wconf 91' lang='lat' dir='ltr'><strong><em>flumina</em></strong></span> <span class='ocrx_word' id='word_1_304' title='bbox 754 2977 952 3018; x_wconf 89' lang='lat' dir='ltr'><strong><em>tranant.</em></strong></span> <span class='ocrx_word' id='word_1_305' title='bbox 1038 2995 1040 2998; x_wconf 36' lang='lat' dir='ltr'>v</span> 
     </span>
    </p>
   </div>
   <div class='ocr_carea' id='block_1_4' title="bbox 357 3043 2051 3176">
    <p class='ocr_par' dir='ltr' id='par_1_4' title="bbox 357 3043 2051 3176">
     <span class='ocr_line' id='line_1_39' title="bbox 418 3043 2051 3103; baseline 0.002 -16"><span class='ocrx_word' id='word_1_306' title='bbox 418 3043 480 3087; x_wconf 89' lang='lat' dir='ltr'><strong><em>Hi</em></strong></span> <span class='ocrx_word' id='word_1_307' title='bbox 511 3045 594 3089; x_wconf 90' lang='lat' dir='ltr'><strong><em>loci</em></strong></span> <span class='ocrx_word' id='word_1_308' title='bbox 627 3045 865 3101; x_wconf 87' lang='lat' dir='ltr'><strong><em>Vergiliani</em></strong></span> <span class='ocrx_word' id='word_1_309' title='bbox 896 3057 995 3089; x_wconf 90' lang='lat' dir='ltr'><strong><em>cum</em></strong></span> <span class='ocrx_word' id='word_1_310' title='bbox 1026 3046 1111 3089; x_wconf 90' lang='lat' dir='ltr'><strong><em>hoc</em></strong></span> <span class='ocrx_word' id='word_1_311' title='bbox 1146 3045 1305 3090; x_wconf 89' lang='lat' dir='ltr'><strong><em>Grattii</em></strong></span> <span class='ocrx_word' id='word_1_312' title='bbox 1329 3059 1462 3092; x_wconf 87' lang='lat' dir='ltr'><strong><em>versu</em></strong></span> <span class='ocrx_word' id='word_1_313' title='bbox 1484 3046 1623 3092; x_wconf 89' lang='lat' dir='ltr'><strong><em>collati</em></strong></span> <span class='ocrx_word' id='word_1_314' title='bbox 1645 3060 1728 3093; x_wconf 90' lang='lat' dir='ltr'><strong><em>nos</em></strong></span> <span class='ocrx_word' id='word_1_315' title='bbox 1748 3048 1920 3101; x_wconf 89' lang='lat' dir='ltr'><strong><em>docent,</em></strong></span> <span class='ocrx_word' id='word_1_316' title='bbox 1941 3058 2051 3103; x_wconf 91' lang='lat' dir='ltr'><strong><em>quo-</em></strong></span> 
     </span>
     <span class='ocr_line' id='line_1_40' title="bbox 357 3115 2048 3176; baseline 0 -17"><span class='ocrx_word' id='word_1_317' title='bbox 357 3115 491 3159; x_wconf 89' lang='lat' dir='ltr'><strong><em>modo</em></strong></span> <span class='ocrx_word' id='word_1_318' title='bbox 512 3126 675 3171; x_wconf 88' lang='lat' dir='ltr'><strong><em>noster,</em></strong></span> <span class='ocrx_word' id='word_1_319' title='bbox 709 3127 820 3171; x_wconf 90' lang='lat' dir='ltr'><strong><em>quae</em></strong></span> <span class='ocrx_word' id='word_1_320' title='bbox 851 3116 966 3172; x_wconf 86' lang='lat' dir='ltr'><strong><em>apud</em></strong></span> <span class='ocrx_word' id='word_1_321' title='bbox 998 3116 1118 3171; x_wconf 89' lang='lat' dir='ltr'><strong><em>alios,</em></strong></span> <span class='ocrx_word' id='word_1_322' title='bbox 1145 3119 1401 3172; x_wconf 83' lang='lat' dir='ltr'><strong><em>praesertim</em></strong></span> <span class='ocrx_word' id='word_1_323' title='bbox 1440 3118 1698 3175; x_wconf 87' lang='lat' dir='ltr'><strong><em>Vergilium,</em></strong></span> <span class='ocrx_word' id='word_1_324' title='bbox 1719 3119 1833 3176; x_wconf 84' lang='lat' dir='ltr'><strong><em>legit,</em></strong></span> <span class='ocrx_word' id='word_1_325' title='bbox 1854 3119 1898 3161; x_wconf 88' lang='lat' dir='ltr'><strong><em>in</em></strong></span> <span class='ocrx_word' id='word_1_326' title='bbox 1919 3129 2048 3161; x_wconf 90' lang='lat' dir='ltr'><strong><em>usum</em></strong></span> 
     </span>
    </p>
   </div>
  </div>
 </body>
</html>
