2210 3568
1188 259 1246 303 82

548 391 698 443 Κᾶρας
733 389 950 442 Θρηϊκίοις,
987 391 1183 443 Τυρσηνοὶ
1214 387 1396 441 γένεθλα
1428 393 1625 442 Λάκωσι,

549 461 817 514 Σαρματικὸν
848 475 889 500 τε
920 460 1043 502 πόσιν
1073 459 1227 514 φορέοις
1259 462 1359 514 πρὸς
1390 460 1579 517 Ἰβηρίδα
1610 462 1787 515 νύμφην.
1855 447 1857 451 7

528 527 626 572 Δὧδε
656 531 731 583 μὲν
762 526 807 571 εὖ
838 533 1070 584 κεράσειας·
1103 531 1239 585 ἀτὰρ
1269 529 1407 572 πολύ
1439 530 1684 586 φέρτατοι
1715 535 1940 576 πάντων

549 600 692 661 φῷλα
724 600 903 652 μένειν
933 600 1233 654 μονόφυλα,
1266 603 1319 642 τὰ
1352 601 1388 642 δ’
1422 601 1544 657 ἔξοχα
1577 602 1850 657 τεκμήραιντο

552 674 790 726 ἐπακτῆρες.

432 743 695 787 maiorum
725 742 947 798 pignore
979 742 1135 798 signa
1164 747 1184 794 l
1213 741 1466 787 feturam:
1510 745 1726 787 maiorum
1758 745 1941 800 pignora
1971 745 1998 788 i.
2030 756 2074 788 e.

375 816 556 857 virtutes
586 823 745 858 ornent
775 814 952 858 catulos.

430 954 532 999 264.
565 955 897 1010 prodantque
937 967 974 999 e.
1008 969 1049 1011 q.
1082 967 1116 998 s.
1149 956 1175 998 ii
1208 965 1412 1011 parentes
1453 957 1526 999 tibi
1568 963 1774 1004 <verum>
1818 954 2074 1012 Metagonta

375 1027 612 1083 praebeant
642 1028 715 1082 qui
746 1028 970 1071 iuventute
1000 1038 1078 1070 sua
1109 1036 1356 1082 genuerunt
1387 1027 1502 1070 hunc
1534 1038 1686 1070 canem
1717 1026 1952 1070 inmanem.

433 1109 617 1151 pecus:
664 1097 748 1141 hoc
790 1098 888 1141 loco
935 1098 989 1140 de
1035 1108 1147 1140 eane
1193 1097 1370 1151 dicitur3
1413 1096 1628 1140 vocabulo
1673 1096 1728 1140 de
1769 1097 1894 1152 equis
1939 1097 2072 1140 utitur

379 1167 562 1212 Curtius
595 1168 669 1213 VI.
703 1169 743 1212 5.
783 1167 855 1211 18:
888 1179 1033 1222 equus
1064 1167 1184 1222 regis
1218 1192 1270 1198 —
1294 1167 1602 1221 Bucephalam
1622 1167 1920 1210 vocabant—
1936 1177 2070 1222 quem

376 1238 640 1283 Alexander
676 1250 768 1282 non
804 1239 962 1282 eodem
1000 1250 1088 1293 quo
1130 1241 1305 1281 ceteras
1338 1237 1539 1292 pecudes
1577 1237 1734 1281 animo
1774 1231 2076 1290 aestimat,-

378 1309 482 1354 Stat.
531 1308 733 1363 Thebais,
772 1309 848 1352 IV.
896 1309 982 1353 733
1028 1309 1111 1352 sed
1154 1308 1351 1364 perfurit
1395 1308 1521 1352 arvis
1551 1317 1569 1362 s
1592 1307 1886 1364 flammatum
1914 1319 2067 1363 pecus.

380 1380 499 1425 Cum
530 1390 620 1425 toto
655 1381 753 1424 loco
789 1379 947 1424 Grattii
993 1379 1290 1435 comparanda
1321 1389 1435 1433 sunt,
1470 1391 1581 1435 quae
1613 1379 1741 1423 habet
1775 1378 2068 1423 Nemesianus

380 1451 555 1508 Cyneg.
599 1464 663 1495 vs.
712 1451 792 1494 114
832 1464 954 1507 e.q.s.
988 1451 1092 1494 huic
1118 1450 1314 1505 parilem
1343 1450 1559 1494 submitte
1590 1461 1775 1502 marem,
1805 1449 1876 1494 sic
1900 1449 2062 1494 omnia

379 1534 607 1578 magnum,
639 1526 659 1576 s
688 1523 797 1566 dum
827 1525 1047 1576 superant
1077 1521 1212 1573 vires,
1249 1521 1358 1564 dum
1394 1521 1515 1565 laeto
1538 1521 1657 1577 flore
1690 1521 1901 1565 iuventas
1923 1526 1950 1574 -s
1979 1532 2076 1565 cor-

376 1594 504 1650 poris
534 1597 579 1637 et
608 1593 739 1637 venis
767 1592 993 1648 primaevi
1021 1592 1215 1647 sanguis
1247 1592 1464 1635 abundat.

436 1735 535 1780 266.
599 1736 851 1789 expertos
896 1733 1088 1777 animi:
1133 1743 1351 1789 spectatae
1398 1735 1567 1777 virtutis
1610 1743 1738 1790 atque
1771 1735 2070 1778 animositatis.

383 1806 579 1852 Genitivi
619 1819 738 1861 usus,
785 1815 830 1849 ut
871 1805 986 1861 apud
1021 1804 1176 1849 Horat.
1211 1803 1287 1849 Sat
1320 1804 1350 1847 1.
1383 1804 1423 1848 9.
1464 1805 1506 1847 11
1545 1816 1573 1848 0
1604 1808 1648 1848 te
1683 1805 1870 1858 Bolane,
1903 1804 2077 1848 cerebri

380 1883 400 1933 s
422 1875 638 1935 felicem!

439 1948 635 2005 gratia:
666 1949 835 2001 utilitas,
868 1947 920 1990 cf.
956 1959 1020 1990 vs.
1055 1946 1124 1990 74.

438 2090 539 2135 267.
601 2089 764 2133 sortis
809 2100 932 2134 cura
976 2088 1231 2132 secunda:
1278 2089 1423 2132 locum
1470 2087 1581 2131 male
1613 2089 1922 2143 interpretatur
1955 2100 1996 2131 v.
2029 2087 2075 2130 d.

385 2161 574 2207 Curcio:
613 2162 676 2213 „la
708 2162 847 2216 prima
879 2172 983 2204 cura
1014 2160 1126 2203 deve
1158 2159 1305 2202 averla
1337 2159 1516 2212 l’uomo,
1539 2158 1637 2202 nell‘
1660 2159 1918 2215 accoppiare
1941 2159 2073 2202 buoni

381 2234 490 2287 cani,
522 2233 561 2275 Ia
592 2231 783 2276 seconda
813 2232 839 2275 ὲ
870 2233 1081 2274 riservata
1113 2231 1193 2273 alla
1215 2228 1425 2285 fortuna,
1459 2230 1620 2285 perche
1652 2229 1786 2273 faccia
1809 2230 1936 2273 venir
1957 2228 2072 2273 fuori

382 2304 514 2348 buoni
545 2303 705 2358 parti’‘;
739 2311 867 2357 poeta
899 2303 1015 2345 enim
1047 2302 1131 2344 hoc
1166 2301 1278 2345 vult:
1311 2311 1402 2344 turn
1434 2301 1626 2344 secunda
1657 2294 1762 2344 c'ura
1793 2309 1859 2344 est
1889 2299 2073 2344 feliciter

381 2374 589 2419 sortiendi
621 2375 645 2416 i.
668 2385 705 2416 e.
739 2372 937 2428 eligendi,
979 2372 1032 2415 cf.
1069 2371 1169 2415 Iust.
1204 2371 1362 2415 XXVI.
1396 2371 1424 2414 3
1455 2370 1793 2428 (Beronice)...
1835 2370 1885 2414 in
1915 2370 2075 2415 matri-

384 2445 536 2489 monio
573 2444 807 2487 sortiendo
854 2443 1072 2486 iudicium
1113 2443 1264 2497 patris
1309 2445 1490 2493 secuta;
1534 2441 1667 2498 Verg.
1704 2440 1872 2498 Georg.
1909 2441 1982 2485 111.
2016 2441 2068 2485 71

382 2516 585 2560 subolem
615 2517 820 2558 armento
850 2513 1015 2557 sortire
1046 2513 1308 2568 quotannis,
1341 2512 1451 2556 Aen.
1485 2512 1580 2556 XII.
1617 2511 1719 2556 920.

441 2656 542 2700 268.
574 2668 641 2700 ne
671 2657 863 2700 renuat
892 2655 1114 2708 species:
1146 2667 1202 2698 ne
1234 2656 1402 2711 species
1433 2654 1651 2698 dissimilis
1682 2654 1734 2696 sit
1765 2654 1954 2709 generis.

443 2730 536 2772 aut
581 2738 738 2782 quem
782 2726 1040 2770 detractet
1071 2726 1355 2769 honorem:
1389 2745 1444 2761 =
1476 2737 1588 2769 neve
1620 2736 1705 2780 qua
1738 2725 1897 2768 virtute
1928 2732 2077 2768 careat

385 2800 558 2856 generis
589 2798 779 2855 propria.

877 2890 951 2935 De
982 2890 1152 2946 signis
1184 2890 1332 2934 canis
1364 2889 1577 2945 egregii.

444 2998 691 3043 269—278.
769 2996 1037 3053 Complures
1087 3009 1243 3040 canum
1294 3006 1465 3040 exstant
1515 2997 1827 3051 descriptiones
1878 2994 2079 3038 Pseudo-

388 3070 691 3126 Xenophontis
725 3068 917 3126 Oppiani
951 3068 1203 3112 Nemesiani
1236 3068 1450 3112 Varronis
1480 3066 1754 3112 Columellae
1779 3065 1850 3122 (cf.
1882 3065 2075 3108 adnotat.

389 3141 443 3185 ad
474 3154 538 3185 vs.
578 3140 687 3198 155).
752 3139 889 3195 Quod
933 3140 975 3182 hi
1006 3140 1243 3195 scriptores
1274 3141 1315 3182 in
1348 3152 1455 3184 cane
1486 3151 1568 3183 suo
1599 3137 1819 3194 pingendo
1854 3134 2077 3188 differunt,
