2210 3568
950 278 994 322 ll

15 429 17 436 ·
70 419 82 456 ³.
103 424 145 467 4
182 423 274 470 quo
314 411 504 470 pendeat
534 410 774 456 infinitivus
803 407 1067 466 defendere,
1099 409 1179 453 sed
1210 409 1341 453 etiam
1373 407 1478 464 quid
1508 407 1639 452 nobis
1669 405 1828 451 facien·

108 482 219 539 donn
262 485 319 528 sit
351 483 628 529 substantivo
658 481 792 526 lusus
821 481 1057 525 nescimus,
1094 479 1227 536 Quae
1258 491 1348 524 non
1380 478 1546 537 fugisse
1577 477 1826 535 philologos

58 563 72 594 ⁴
106 555 313 614 priorum
372 553 653 601 saeculorum
700 554 778 598 vix
824 563 938 609 opus
983 560 1050 596 est
1095 552 1237 606 dictu;
1284 550 1483 608 placebat
1520 551 1639 594 enim
1680 548 1825 594 multis

12 639 14 686 j
112 624 232 672 Vlitii
262 625 469 671 nostratis
499 625 751 669 coniectura
772 623 908 668 nisus
928 634 1012 680 pro
1033 622 1178 669 lusus.
1203 622 1459 668 Vollmerus
1480 631 1627 666 autem
1656 621 1826 678 primus

107 695 362 743 mortalium
424 695 562 742 verba
608 694 763 739 tradita
809 706 900 738 non
947 694 1187 738 emendare
1232 703 1430 749 conatus,
1476 693 1557 738 sed
1602 692 1826 750 explicare
1880 702 1885 708 ·

51 772 67 815 ..ἱ
105 767 246 814 lusus
273 767 451 825 quidem
481 766 602 811 dedit
630 766 808 824 ingenii,
841 765 920 809 sed
950 765 1082 810 etiam
1112 775 1244 808 arma
1275 764 1449 808 tradidit
1481 764 1640 820 quibus
1660 765 1828 821 impug-

12 850 14 854 “
106 839 208 886 nari
250 847 426 898 posset3
470 838 619 883 scribit
665 838 783 882 enim
830 839 874 881 in
926 835 1116 891 „Museo
1158 835 1371 892 Belgico’'
1403 834 1462 894 (le
1495 833 1655 879 Musee
1687 833 1826 891 Belge

38 935 52 956 a
117 903 242 968 1898,
285 923 328 969 p.
359 909 490 969 231);
527 921 716 964 „sermo,
748 917 795 953 ut
826 908 938 953 solet
967 908 1012 952 in
1044 907 1301 965 prooemiis,
1330 907 1524 950 imitatur
1554 907 1750 950 animum
1779 906 1825 949 in

42 1026 49 1042 „
109 994 206 1029 rem
251 983 395 1040 ipsam
440 981 770 1049 propssantem,
817 980 919 1024 ideo
966 988 1098 1037 poeta
1145 980 1188 1022 in
1237 990 1372 1024 versu
1402 977 1463 1022 22
1494 986 1594 1035 post
1625 976 1827 1022 carmine

13 1076 49 1116 ,³
109 1054 331 1112 abrumpit
360 1054 644 1099 sententiam:
684 1064 767 1110 pro
798 1064 869 1096 ex.
902 1064 967 1109 gr.
1000 1049 1200 1095 conabor
1229 1050 1349 1107 quod
1382 1049 1570 1094 verbum
1601 1048 1828 1106 suppleret

27 1108 62 1161 '⁷2
107 1125 372 1172 infinitivum
420 1124 752 1170 antecedentem
800 1122 967 1168 mavult
1012 1122 1055 1166 id
1102 1122 1223 1179 quod
1264 1121 1407 1166 adhuc
1448 1133 1539 1165 non
1586 1119 1827 1164 luculenter

44 1215 61 1245 ,κ
105 1198 344 1256 expressit,
375 1209 426 1243 se
454 1206 498 1242 et
529 1196 744 1254 prodesse
777 1194 1043 1253 (defendere
1073 1193 1263 1251 sortem)
1287 1202 1331 1238 et
1352 1192 1571 1238 delectare
1592 1191 1704 1251 (non
1723 1191 1828 1236 sine

9 1296 51 1334 11
106 1268 330 1327 carmine)
360 1268 489 1324 velle,
520 1260 693 1313 iterum'
712 1267 863 1312 verbis
895 1267 1058 1323 apertis
1090 1266 1252 1321 dicere,
1286 1277 1447 1322 nempe
1477 1276 1526 1308 se
1558 1264 1755 1308 carmine
1784 1273 1827 1307 et

113 1340 238 1386 lusus
266 1349 310 1386 et
340 1352 464 1386 arma
495 1339 646 1384 dare’'.

173 1411 370 1470 ingenue
414 1411 556 1456 fateor
603 1410 709 1455 mihi
754 1410 932 1466 quidem
979 1409 1092 1454 hanc
1140 1409 1266 1453 verbi
1312 1410 1509 1452 conatus
1539 1408 1827 1452 omissionem

34 1502 45 1538 f·
109 1483 393 1531 durissimam
439 1483 596 1535 videri,
642 1482 721 1527 sed
768 1481 884 1526 aliud
928 1481 1071 1526 habeo
1115 1489 1424 1538 argumentum
1455 1478 1575 1536 quod
1608 1490 1679 1522 me
1710 1485 1828 1522 vetat

113 1554 344 1600 Vollmero
375 1554 642 1611 adstipulari.
677 1553 799 1621 Num
832 1562 989 1611 potest,
1012 1553 1282 1610 rogaverim,
1306 1562 1418 1596 voce
1433 1550 1567 1594 lusus
1581 1548 1828 1606 significare

0 1622 13 1674 ἶ
33 1648 48 1686 χ·
110 1638 290 1672 carmen
341 1625 619 1681 didacticum,
667 1638 692 1670 a
737 1637 827 1682 quo
873 1625 1019 1669 omnis
1065 1625 1190 1669 iocus
1236 1622 1452 1679 ludusque
1498 1619 1828 1666 alienissimus?

0 1710 15 1756 ῖς
32 1705 49 1741 ’ζ
114 1696 417 1744 Conferamus
463 1697 627 1755 aliquot
673 1697 822 1742 locos:
854 1695 1060 1741 martial.
1110 1695 1187 1750 IV,
1236 1694 1295 1739 49
1336 1693 1503 1748 nescis,
1534 1692 1667 1737 crede
1697 1689 1826 1745 mihi,

5 1769 36 1826 3¹21
107 1769 224 1827 quid
252 1768 350 1814 sint
379 1769 729 1825 epigrammata,
763 1768 938 1822 Flacce‚
971 1770 990 1822 s
1022 1767 1102 1823 qui
1131 1769 1312 1811 tantum
1343 1766 1477 1810 lusus
1509 1764 1590 1808 illa
1613 1763 1829 1819 iocosque

4 1838 36 1851 ‘¹
104 1843 264 1898 putas.
312 1841 424 1886 Plin.
472 1853 542 1898 ep.
590 1839 675 1886 V11
723 1840 765 1884 9.
798 1839 828 1884 9
864 1839 954 1896 fas
984 1842 1056 1883 est
1086 1842 1132 1882 et
1162 1838 1365 1882 carmine
1395 1836 1569 1881 remitti
1600 1847 1694 1879 non
1723 1834 1827 1879 dico

105 1913 329 1959 continuo
367 1915 414 1957 et
457 1912 594 1968 longo
625 1911 693 1968 (id
723 1912 847 1956 enim
875 1910 1038 1968 perfici
1068 1911 1164 1955 nisi
1195 1911 1243 1955 in
1275 1910 1370 1954 otio
1402 1921 1496 1953 non
1525 1906 1713 1966 potest),
1743 1906 1828 1951 sed

2 1983 10 2042 J
27 1971 45 2018 3
110 1984 198 2030 hoc
226 1987 390 2041 arguto
420 1987 467 2028 et
494 1983 633 2039 brevi,
656 1985 777 2039 quod
794 1986 902 2039 apte
918 1986 1120 2039 quantas
1135 1982 1244 2026 libet
1261 1980 1587 2036 occupationes
1603 1988 1828 2033 curasque

19 2061 25 2115 j
105 2056 369 2113 distinguit.
408 2056 560 2101 Lusus
590 2061 825 2110 vocantur,
856 2055 942 2099 sed
973 2054 1023 2099 hi
1052 2055 1185 2099 lusus
1217 2065 1311 2098 non
1343 2053 1566 2097 minorem
1600 2050 1828 2095 interdum

14 2125 31 2149 ‘³
103 2127 307 2186 gioriam
337 2139 476 2184 quam
506 2127 633 2172 seria
663 2129 979 2172 consecuntur.

173 2198 295 2246 Cum
326 2201 457 2257 igitur
486 2211 530 2244 et
559 2199 746 2243 verbum
777 2199 954 2255 aliquod
986 2198 1291 2243 desideremus
1312 2207 1355 2241 et
1378 2209 1470 2242 vox
1491 2196 1624 2240 lasus
1641 2194 1827 2240 vertenti

108 2283 296 2330 magnas
341 2271 550 2329 praebeat
595 2270 884 2325 difficultates,
933 2282 1023 2314 non
1070 2269 1252 2314 dubium
1291 2278 1372 2323 est,
1409 2269 1515 2326 quin
1547 2267 1616 2312 hic
1649 2267 1828 2311 haereat

1 2350 17 2377 '1
112 2344 282 2398 vitium,
328 2342 450 2400 quod
495 2351 642 2387 tamen
684 2354 774 2386 non
821 2341 1002 2386 feliciter
1033 2342 1212 2398 corrigit
1245 2340 1363 2386 Vlitii
1394 2342 1648 2386 coniectura
1679 2338 1825 2383 nisus.

113 2414 280 2461 Poetae
326 2426 506 2459 manum
553 2415 738 2459 restituit
781 2411 970 2458 Graevii
999 2414 1228 2458 inventum
1262 2412 1433 2457 iussus.
1466 2411 1659 2456 Litterae
1690 2410 1707 2454 l
1737 2418 1779 2454 et
1812 2409 1828 2452 i

111 2487 289 2544 saepius
335 2485 679 2541 confunduntur,
728 2485 782 2530 cf.
829 2484 885 2531 71
930 2485 1082 2540 obula,
1122 2485 1181 2529 80
1213 2485 1390 2540 mellus,
1423 2484 1512 2529 355
1543 2482 1712 2528 uiceris
1743 2493 1826 2538 pro

29 2594 33 2602 .
112 2557 292 2614 alceris,
338 2557 427 2603 374
463 2557 615 2614 furtis
660 2570 743 2615 pro
775 2556 939 2613 furiis,
972 2557 1060 2602 484
1091 2568 1281 2601 nemora
1311 2557 1409 2600 alta
1440 2568 1524 2613 pro
1556 2553 1825 2608 nemoralia,

20 2612 45 2668 ἦ
112 2628 200 2676 527
242 2629 394 2686 gratis
432 2642 515 2687 pro
549 2628 719 2685 Graiis,
751 2629 804 2673 cf.
843 2628 902 2673 H.
937 2628 1148 2684 Schenkl,
1182 2629 1250 2673 Zu
1284 2627 1493 2673 Grattius
1524 2641 1564 2684 p.
1598 2626 1699 2671 422.
1723 2625 1825 2669 *Pro

2 2691 3 2694 '
38 2742 42 2763 ,ζ
108 2701 286 2757 duplici
330 2703 590 2746 consonanti
629 2703 805 2759 saepius
852 2713 946 2746 una
977 2711 1143 2746 tantum
1175 2701 1394 2754 scribitur,
1426 2699 1479 2744 cf.
1514 2712 1556 2743 v.
1596 2697 1690 2752 126,
1730 2696 1823 2751 133,

120 2771 215 2829 164,
253 2772 349 2828 171,
380 2771 484 2828 236,
516 2772 618 2828 322,
652 2772 753 2828 416,
785 2772 887 2828 440,
920 2773 1082 2818 ibidem
1114 2786 1155 2830 p.
1189 2771 1290 2817 422.

172 2843 337 2889 Iussus
381 2855 610 2902 praeterea
656 2845 906 2890 defenditur
952 2857 1085 2890 versu
1127 2844 1156 2889 2
1197 2843 1422 2899 auspicio,
1457 2843 1625 2896 Diana,
1656 2843 1751 2894 tuo,
1783 2849 1825 2883 et

111 2916 179 2971 iis,
210 2928 325 2973 quae
355 2917 414 2961 ibi
445 2917 767 2962 adnotavimus

4 2979 33 3052 Υ,,’
171 2986 281 3033 Post
309 2999 491 3032 versum
522 2987 581 3032 23
613 2987 844 3033 Vollmero
875 2997 1116 3044 praeeunte
1139 3000 1296 3033 versus
1317 2986 1495 3032 61—74
1518 2985 1696 3038 inserui,
1721 2995 1823 3027 nam

0 3050 41 3133 ’ῑῖ
111 3070 192 3104 eos
222 3058 528 3105 molestissime
557 3061 881 3115 interrumpere
911 3071 964 3104 ea
985 3071 1097 3116 quae
1119 3059 1174 3103 de
1196 3060 1361 3103 retibus
1384 3066 1618 3102 narrantur
1639 3056 1824 3112 quisque

109 3131 248 3175 semel
288 3132 480 3176 monitus
516 3132 669 3186 sentit;
710 3139 938 3187 praeterea
978 3131 1219 3175 absurdum
1259 3140 1340 3184 est,
1382 3130 1615 3187 postquam
1647 3127 1702 3171 de
1734 3125 1823 3170 lino

2 3195 39 3255 ,ὲ
111 3202 250 3259 egerit
291 3211 435 3260 poeta,
474 3202 591 3246 hunc
629 3203 754 3258 sequi
796 3213 1004 3246 versum:
1051 3213 1268 3257 magnum
1304 3212 1423 3256 opus
1466 3202 1513 3243 et
1555 3198 1698 3254 tangi,
1731 3198 1826 3242 nisi
