2210 3568
1194 231 1253 276 24

1337 360 1407 407 26.
1431 364 1792 420 quadruplicis
1802 368 2068 417 tormento

1299 433 1630 496 adstringere
1644 436 1862 499 limbos:
1883 441 2077 491 tom

1299 507 1346 548 to
1376 505 1459 549 dat.
1488 505 1627 551 finalis
1650 527 1709 543 =
1741 517 1813 561 „ut
1836 507 1906 554 fiat
1930 509 2072 557 ‘unffi’

1298 574 1555 634 (Vollmer);
1585 580 1858 623 tormentum
1872 581 1990 626 enim
2006 587 2074 628 nst

1287 644 1427 700 funis
1442 649 1603 702 tortas,
1612 647 1664 692 ci.
1676 648 1870 694 Isidorus
1877 649 2073 697 XIXnu.

1360 715 1493 761 Hunc
1545 730 1725 763 versum
1775 721 1964 767 imitatus
2005 730 2074 768 est

1296 786 1587 842 Angilbertus
1607 788 1872 847 (Diirnmlen
1895 791 1933 836 P
1954 792 1996 838 Α
2014 791 2070 839 C.

1298 856 1328 901 1.
1361 857 1450 902 370
1483 859 1601 903 retia
1643 861 1930 917 quadruplici
1971 873 2076 909 con-

1136 797 1152 845 =
1121 644 1159 771 Textr.

1300 997 1358 1043 H.
1391 998 1603 1044 Schenkl.

1294 1186 1387 1231 ina
1432 1200 1562 1232 usus
1606 1189 1749 1235 linea
1794 1191 1967 1248 longi:
2018 1205 2071 1238 ea

1294 1258 1407 1302 linea
1448 1258 1577 1317 (quae
1630 1259 1821 1318 Graece,
1862 1272 1909 1308 ut
1937 1275 2072 1322 supra

1294 1329 1497 1385 vidimus,
1535 1329 1780 1385 περίδρομος
1810 1334 2071 1394 appellatur)

1294 1401 1419 1456 operi
1444 1394 1644 1446 venatieo
1666 1412 1764 1459 apta
1780 1403 1942 1462 diuque
1956 1406 2071 1451 utilis

1293 1480 1372 1526 est,
1404 1483 1516 1527 quae
1542 1471 1768 1517 conficitur
1787 1486 1846 1519 ex
1867 1484 2071 1532 quattuor

1353 1611 1471 1656 Talis
1531 1613 1643 1658 linea
1704 1614 1952 1661 firmissima
2016 1618 2070 1662 sit

1292 1694 1474 1728 necesse
1529 1696 1628 1728 esse
1674 1696 1869 1742 apparet,
1915 1688 1953 1732 si
1994 1701 2073 1734 no-

1291 1754 1458 1798 biscum
1495 1764 1750 1811 reputamus
1797 1769 1967 1802 cassem
2011 1760 2066 1803 ad

1290 1836 1423 1881 apros
1468 1826 1708 1882 captandos
1753 1827 1960 1873 idoneum
2007 1842 2064 1874 ex

1289 1896 1427 1940 tribus
1458 1905 1624 1940 tanturn
1655 1897 1813 1942 confici
1833 1898 1976 1944 limbis
2005 1899 2067 1959 (ἐκ

1289 1974 1419 2020 τριῶν
1441 1966 1604 2026 τόνων).
1627 1967 1807 2024 Spissus
1828 1964 2073 2027 firrriusque-

1289 2036 1531 2092 περίδρομος
1565 2038 1635 2082 ille
1665 2040 1828 2095 optime
1859 2042 2070 2098 conspici·

1289 2117 1359 2152 tur
1390 2120 1447 2152 ex
1479 2108 1618 2166 figura
1655 2110 1689 2153 1.

1347 2191 1567 2234 operum
1589 2180 1826 2235 patiens:
1853 2181 1906 2227 cf.
1926 2182 2064 2239 Verg.

1291 2248 1459 2307 Georg.
1510 2250 1562 2294 11.
1610 2251 1699 2295 472
1743 2255 1789 2296 et
1818 2252 2066 2307 patiens

1286 2331 1314 2363 0
1322 2332 1519 2375 perum
1563 2322 1819 2378 exiguoque
1863 2323 2063 2368 adsueta

1288 2390 1514 2435 iuventus.

1170 2036 1215 2288 Antiquorum
1172 1961 1217 2009 by
1173 1820 1208 1933 Yates
1174 1765 1215 1792 1,
1175 1585 1211 1739 London
1177 1452 1222 1554 1843,
1178 1353 1213 1426 tab.
1178 1226 1213 1324 XVl.

1343 2508 1532 2553 28—30.
1599 2509 1660 2553 Hi
1721 2522 1878 2555 versus
1938 2510 2062 2556 facile

1283 2579 1557 2635 explicantur
1601 2580 1653 2624 iis
1693 2593 1805 2637 quae
1835 2590 1970 2638 supra
2001 2582 2056 2627 de

1285 2660 1417 2693 casse
1471 2650 1710 2706 disputavi;
1767 2661 1886 2696 recte
1931 2653 2060 2710 igitur

1284 2720 1429 2764 locum
1474 2721 1680 2778 intellegit
1713 2735 1754 2766 v.
1786 2722 1827 2766 d.
1864 2721 2055 2767 Curci'o:

1287 2792 1351 2844 „la
1396 2795 1492 2835 rete
1531 2794 1638 2835 avi-a
1680 2792 1750 2836 nel
1790 2802 1873 2837 suo
1905 2802 2059 2838 mezzo

1282 2874 1340 2905 un
1385 2862 1497 2917 foro,
1545 2862 1614 2906 dal
1645 2863 1772 2919 quale
1802 2865 1964 2920 partita
1995 2877 2055 2908 un

1280 2943 1415 2976 sacco
1461 2931 1571 2977 della
1617 2932 1758 2978 forma
1804 2934 1847 2978 di
1890 2947 1949 2978 un
1980 2935 2059 2982 im-

1282 3004 1386 3047 buto
1417 3015 1445 3047 o
1475 3004 1518 3047 di
1548 3016 1607 3047 un
1640 3004 1895 3049 bertuello”.

1106 2878 1141 2933 Ex
1107 2746 1152 2851 libro,
1108 2658 1151 2720 qui
1109 2417 1146 2633 inscribitur
1111 2208 1156 2392 „Ancient
1117 2037 1149 2182 statues
1118 1974 1149 2011 at
1114 1673 1151 1946 lnce-Blandell
1116 1598 1161 1648 (in
1117 1317 1163 1570 Lancashire),
1120 1218 1154 1291 vol.
1119 1158 1155 1190 11
1120 1083 1163 1130 pl.
1120 999 1165 1059 89,
1119 869 1156 970 126”.

1336 3121 1406 3166 28.
1469 3133 1584 3167 ore:
1617 3121 1670 3165 cf,
1704 3133 1799 3179 pag.
1832 3120 1912 3166 20.

1294 928 1540 984 iunctaque
1574 930 1699 974 linea
1724 931 1876 988 limbo,
1893 939 1940 978 ut
1966 934 2073 980 vidit

1352 1116 1423 1161 27.
1456 1117 1549 1161 illa
1583 1131 1801 1174 operum
1839 1121 2072 1177 patiam,
2164 1139 2167 1147 s

1293 1541 1434 1586 limbis
1452 1554 1509 1586 ex
1530 1544 1733 1588 tenuibus
1751 1544 1825 1589 lini
1841 1544 1921 1590 filis
1931 1548 2084 1592 tortis:
