2210 3568
1187 200 1238 244 16

1851 276 1861 297 Χ

364 331 662 385 examinare”,
710 329 1001 386 perpendere,
1047 341 1198 374 secum
1245 340 1464 387 reputare,
1496 331 1549 375 cf.
1585 330 1681 376 Cic.
1716 331 1845 376 Verr.
1880 331 1932 377 11.
1964 334 2006 379 1.
2038 334 2067 378 5

366 400 460 445 nisi
479 399 608 457 forte
640 400 713 444 vis
744 399 806 443 ad
835 399 1208 454 perpendiculum
1238 400 1476 445 columnas
1507 401 1700 457 exigere,
1729 401 1840 446 Plin.
1863 401 2064 448 XXXVI.

365 470 435 515 25.
484 470 543 514 63
590 470 783 514 materia
829 470 1137 521 crassitudine
1182 470 1384 526 bipedali
1428 471 1490 515 ad
1535 471 1741 527 regulam
1786 475 1832 516 et
1870 471 2069 518 libellam

366 532 565 596 exigitur
573 554 589 595 ;
620 540 750 585 Mart.
786 540 884 584 Vll.
918 540 977 585 28
1008 541 1152 597 exige,
1184 542 1267 586 sed
1298 545 1435 597 certa,
1468 553 1585 598 quos
1614 541 1744 598 legis,
1776 553 1890 588 aare
1920 543 2068 599 ioco-53

371 610 506 656 Ovid.
556 611 740 671 Metam..
785 611 837 655 X.
888 611 976 655 586
1020 612 1129 656 dum
1175 612 1291 656 talia
1331 623 1485 656 secum
1516 616 1536 666 s
1566 612 1711 669 exigit
1744 613 2068 670 Hippomenes,

365 694 513 737 passu
544 682 672 726 volat
701 682 814 726 alite
844 682 984 738 virgo.

425 752 498 797 si:
532 773 588 790 =
620 765 740 808 num,
789 752 841 797 cf.
892 753 1094 809 Propert.
1137 753 1190 797 11.
1233 754 1273 797 3.
1309 754 1336 797 5
1368 754 1654 810 quaerebam,
1685 754 1810 799 sicca
1839 754 1885 799 si
1911 757 2073 810 posset

367 823 513 878 piscis
545 822 719 868 harena
749 828 768 877 s
800 835 882 868 nec
912 824 1080 868 solitus
1109 828 1250 879 ponto
1282 825 1435 878 vivere
1465 828 1623 870 torvas
1652 837 1776 881 aper.

424 894 742 949 respondet:
803 894 1078 950 respondere
1129 897 1305 952 saepius
1356 917 1412 934 =
1464 908 1650 951 operam
1705 896 1964 952 rependere,
2016 895 2068 941 cf.

373 963 603 1010 Columeil.
652 965 729 1010 111.
776 965 827 1009 2:
881 977 989 1010 nam
1036 966 1162 1010 illam
1207 966 1284 1024 (sc.
1332 967 1522 1026 aminea)
1553 967 1649 1012 nisi
1676 966 1951 1024 praepingui
1979 979 2071 1012 non

368 1037 733 1092 respondere
771 1036 866 1081 iam
896 1036 1067 1081 dictam
1098 1040 1194 1091 est;
1225 1036 1327 1082 Sen.
1363 1037 1495 1094 Epist.
1528 1038 1600 1082 23.
1633 1039 1686 1093 53
1721 1047 1766 1082 ut
1796 1037 2074 1094 respondent

368 1108 475 1164 agri,
508 1119 608 1151 cum
639 1106 806 1151 fructus
838 1107 1040 1162 reddunt,
1071 1109 1134 1152 sic
1164 1108 1219 1152 ab
1250 1117 1342 1153 arte
1376 1110 1570 1154 venandi
1604 1109 1797 1167 „gratia”
1814 1108 2070 1165 respondet.

371 1176 498 1222 Falso
556 1177 825 1222 Sternius
872 1179 1023 1222 vertit:
1059 1180 1249 1235 ,erwfige
1293 1179 1445 1234 daher,
1492 1180 1549 1224 ob
1595 1181 1640 1224 in
1689 1179 1863 1225 Betreff
1904 1181 2074 1225 meiner

373 1247 543 1293 Kiinste
584 1250 654 1293 ein
699 1249 875 1293 Nutzen
907 1249 1154 1293 denselben
1183 1249 1474 1304 entspreche;
1504 1262 1647 1307 neque
1678 1260 1797 1295 recte
1832 1249 2071 1295 Curcio:

372 1318 618 1374 respondet
647 1338 703 1356 =
740 1318 964 1372 „deriva'’.

430 1389 631 1445 gratia:
680 1389 852 1444 utilitas,
900 1389 953 1433 cf.
1003 1389 1246 1434 Manilium.
1296 1390 1371 1435 1v.
1405 1391 1503 1435 441.
1538 1402 1620 1435 nec
1647 1402 1793 1447 parva
1823 1394 1894 1436 est
1919 1391 2098 1447 gratia-

373 1460 521 1505 nostri
548 1463 569 1516 s
601 1460 710 1515 oria,
762 1460 808 1504 si
856 1462 1036 1504 tantam
1084 1461 1254 1515 poterit
1302 1461 1490 1517 signare
1528 1462 1761 1515 canenda;
1790 1462 1906 1519 apud
1940 1460 2075 1507 Grat-

371 1533 477 1576 tium
527 1531 739 1587 ingratas
772 1551 827 1568 =
861 1531 1053 1586 inutili-5,
1098 1544 1162 1576 vs.
1206 1532 1276 1576 33.
1326 1531 1498 1598 Cpnfer
1538 1534 1668 1578 etiam
1701 1545 1881 1579 versum
1911 1531 2002 1577 380
2029 1535 2074 1577 et

373 1606 534 1647 nostra
565 1601 748 1658 quidem
778 1602 898 1646 redit
929 1613 1043 1646 usus
1074 1602 1132 1645 ab
1163 1606 1273 1646 arte.

432 1672 646 1718 meis...
686 1675 755 1717 ab
787 1673 1018 1717 artibus:
1052 1675 1268 1730 coniunge
1300 1686 1401 1718 cum
1434 1686 1546 1719 voce
1572 1675 1728 1730 gratia
1759 1695 1817 1711 =
1843 1674 1998 1719 utilitas
2019 1676 2073 1719 ab

376 1753 468 1789 arte
500 1744 691 1789 venandi
720 1744 956 1793 <rediens>.

432 1815 671 1859 conlata:
719 1817 855 1870 varie,
898 1827 1041 1871 neque
1081 1825 1226 1859 tamen
1258 1824 1376 1860 recte
1407 1816 1492 1860 hoc
1524 1816 1787 1861 vocabulum
1818 1815 2071 1873 explicatur.

375 1886 572 1942 Languet
613 1886 730 1930 enim
770 1885 938 1929 Barthii
970 1887 1290 1942 interpretatio:
1325 1887 1397 1939 „in
1430 1887 1623 1931 medium
1654 1887 1753 1931 data
1779 1895 1820 1932 et
1850 1888 2074 1931 communi

375 1957 473 2000 usui
493 1957 741 2013 praestita’',
758 1958 887 2001 etiam
909 1957 1122 2002 ini'elicior
1145 1956 1328 2001 Sternii:
1357 1957 1580 2013 „pondera
1600 1958 1742 2014 igitur,
1765 1969 1870 2001 num
1893 1957 2002 2001 meis
2016 1969 2076 2001 ex

375 2027 538 2071 artibus
584 2027 740 2071 utilitas
779 2037 821 2072 et
863 2028 992 2072 tutela
1034 2029 1279 2084 proveniat,
1327 2040 1468 2084 quae
1510 2027 1771 2073 conferri
1801 2029 1826 2072 i.
1860 2040 1897 2073 e.
1940 2039 2076 2073 corn·

376 2100 565 2155 parari
611 2099 799 2154 possit
841 2097 1048 2143 ferinis
1090 2111 1209 2143 curn
1249 2100 1491 2154 viribus,
1535 2099 1613 2143 ita
1644 2107 1702 2143 ut
1733 2098 1896 2143 fallat
1927 2098 2072 2143 illas.

438 2168 681 2224 Quomodo
723 2169 905 2213 conlata
947 2169 1015 2213 hic
1046 2170 1346 2226 accipiendum
1377 2171 1444 2224 sit,
1476 2179 1656 2226 apparet
1685 2182 1745 2215 ex
1777 2169 1920 2224 Livio,
1957 2168 2072 2214 XXI.

384 2240 418 2283 1.
464 2239 494 2283 2
539 2239 663 2283 haud
711 2240 895 2295 ignotas
941 2240 1046 2284 belli
1091 2244 1216 2284 artes
1262 2240 1380 2284 inter
1423 2252 1540 2296 sese,
1573 2241 1656 2285 sed
1686 2243 1900 2296 expertas
1927 2239 2075 2295 primo

379 2310 552 2354 Punico
584 2309 887 2366 conferebant
917 2312 1044 2355 bello.
1081 2311 1215 2356 Verte
1247 2312 1391 2368 igitur:
1427 2313 1593 2369 „exige‚
1626 2312 1663 2355 si
1694 2323 1806 2368 quae
1827 2312 1929 2355 artis
1951 2322 2075 2356 meae

378 2381 534 2424 utilitas
580 2382 646 2436 sit,
694 2394 820 2437 quae,
865 2383 902 2426 si
949 2383 1062 2427 bello
1109 2381 1371 2437 conieratur‚
1418 2381 1533 2427 feras
1579 2381 1726 2427 fallere
1767 2382 1946 2438 possit.’'
2002 2380 2075 2426 Sic

381 2451 632 2496 Vollmerus
664 2464 840 2508 quoque
871 2453 1015 2497 locum
1043 2453 1279 2510 intelligere
1302 2453 1485 2507 videtur,
1509 2465 1609 2497 cum
1631 2454 1674 2496 in
1696 2461 1906 2509 apparatu
1927 2452 2074 2496 critico

382 2522 577 2566 adnotet:
610 2521 778 2566 collata
808 2535 869 2567 sc.
903 2523 1015 2568 bello
1048 2522 1200 2568 ferino.

678 2589 714 2639 l

1071 2664 1145 2709 De
1176 2665 1393 2709 retibus·

442 2806 500 2850 24
545 2819 638 2871 sqq.
689 2805 858 2850 Versus
889 2804 947 2848 24
979 2806 1090 2849 inter
1121 2805 1395 2851 difficillimos
1427 2806 1652 2851 habendus
1682 2815 1748 2850 est
1778 2807 1908 2850 totius
1939 2806 2075 2850 nostri

384 2879 600 2922 carminis.
636 2876 682 2922 Si
714 2877 810 2932 quis
841 2876 1049 2932 indagare
1082 2876 1186 2931 vult,
1220 2877 1443 2933 quomodo
1475 2886 1629 2933 poetae
1661 2877 1796 2920 verba
1817 2877 1886 2920 hic
1907 2876 2075 2921 edenda

385 2950 482 3004 sint,
528 2948 656 2993 simul
702 2959 882 2992 versum
925 2947 1259 3003 praecedentem
1300 2957 1341 2992 et
1372 2960 1474 2991 eum
1505 2949 1579 3003 qui
1609 2949 1804 3003 sequitur
1834 2948 2076 2992 accuratius

385 3020 602 3063 examinet
649 3029 829 3062 necesse
874 3027 951 3061 est.
1003 3017 1313 3062 Exscribamus
1359 3031 1467 3075 ergo
1497 3027 1586 3062 tres
1616 3018 1711 3063 illos
1744 3031 1899 3064 versus
1929 3019 2003 3072 ita,
2029 3026 2075 3061 ut

386 3091 430 3133 in
462 3090 612 3134 codice
645 3089 684 3134 A
716 3089 859 3133 traditi
891 3098 1002 3132 sunt.
