2210 3568
1179 235 1236 279 64

428 367 519 412 181.
583 367 868 412 Molossos:
901 365 971 410 De
1014 365 1231 411 Molossis*
1253 368 1428 424 saepius
1456 379 1606 412 sermo
1635 376 1715 419 est,
1744 368 1800 412 cf.
1834 368 2056 427 Aristoph.

361 437 539 484 Thesm.
588 438 675 482 416
721 438 790 478 καὶ
837 435 1005 491 προσέτι
1052 435 1348 485 Μολοττικοὺς
1378 440 1398 492 s
1429 436 1618 492 τρέφουσι
1664 436 1940 492 μορμολυκεῖα
1969 443 2059 489 τοῖς

359 518 512 566 μοιχοῖς
558 510 697 556 κύνας.
741 508 921 553 ,Lucret.
971 507 1027 560 V,
1065 507 1199 562 1063;
1235 507 1402 565 Georg.
1439 508 1514 561 ΙΙΙ,
1546 508 1632 552 405
1663 508 1833 553 velocis
1863 508 2060 566 Spartae

361 581 539 625 catulos
569 590 807 635 acremque
839 578 1094 624 Molossum
1109 582 1128 633 s
1143 590 1302 634 pasce;
1337 578 1493 623 Horat.
1523 578 1661 635 Epod.
1678 578 1721 634 6,
1740 579 1767 624 5
1784 591 1892 624 nam
1908 580 2060 636 qualis

362 655 444 695 aut
489 650 723 695 Molossus
768 653 852 694 aut
885 649 1054 706 fulvus
1100 650 1219 694 Laco
1248 656 1267 703 s
1298 649 1449 694 amica
1479 650 1552 694 vis
1578 650 1844 705 pastoribus
1873 654 1893 705 s
1923 661 2060 708 agam

358 732 443 776 per
471 721 594 765 altas
625 732 737 765 aure
766 720 951 765 sublata
981 721 1111 765 nives
1141 724 1161 776 l
1191 732 1499 776 quaecumque
1520 721 1762 776 praecedet
1782 720 1916 778 fera;
1937 719 2058 780 Opp.

363 791 395 847 I,
443 791 530 836 375
577 794 751 848 χαροποὶ
797 808 839 834 τε
883 790 1113 844 Mol-ommi,
1158 791 1338 837 Nemes.
1384 791 1503 849 Cyn.
1543 791 1623 836 107
1655 795 1813 837 natam
1843 803 1927 837 Seu
1956 803 2061 837 rure

364 862 569 907 Molosso
597 867 618 917 l
650 874 742 907 non
772 862 935 907 humili
964 863 1022 907 de
1043 866 1179 919 gente
1195 874 1366 918 canem,
1390 862 1522 920 Apud
1540 861 1798 922 [Aristotel]
1815 865 1946 911 anim.
1962 863 2059 909 hist.

364 933 439 989 IX,
487 934 521 978 l.
563 934 772 991 legimus:
815 936 864 975 τὸ
905 933 942 976 δ’
975 935 1019 975 ἐν
1066 942 1131 989 τῇ
1166 932 1395 987 Μολοττίᾳ
1439 933 1553 986 γένος
1593 941 1679 977 τῶν
1720 942 1858 978 κυνῶν
1897 936 1947 976 τὸ
1986 936 2060 988 μὲν

360 1007 610 1059 θηρευτικὸν
647 1004 767 1047 οὐδὲν
799 1004 977 1059 διαφέρει
1007 1007 1109 1059 πρὸς
1141 1007 1190 1046 τὸ
1221 1006 1338 1060 παρὰ
1369 1009 1457 1053 τοῖς
1487 1003 1641 1057 ἄλλοις,
1674 1007 1723 1046 τὸ
1755 1003 1791 1047 δ’
1822 1003 2059 1048 ἀκόλουθον

362 1079 449 1124 τοῖς
479 1077 706 1133 προβάτοις
737 1084 796 1133 τῷ
826 1076 985 1130 μεγέθει
1016 1078 1087 1117 καὶ
1118 1084 1173 1131 τῇ
1203 1075 1356 1130 ἀνδρίᾳ
1376 1084 1431 1131 τῇ
1452 1078 1554 1131 πρὸς
1571 1078 1624 1117 τὰ
1640 1076 1783 1131 θηρία.
1814 1075 2060 1130 Διαφέρουσι

362 1145 405 1188 δὲ
446 1148 485 1188 οἱ
514 1146 557 1196 ἐξ
588 1146 746 1201 ἀμφοῖν
778 1147 930 1202 ἀνδρίᾳ
960 1149 1029 1189 καὶ
1063 1145 1301 1201 φιλοπονίᾳ,
1334 1148 1375 1188 οἳ
1403 1162 1447 1189 τε
1479 1148 1522 1188 ἐκ
1553 1155 1639 1188 τῶν
1671 1133 1799 1202 ἐν’τῇ
1831 1145 2061 1201 Mulon-iq:

364 1217 618 1270 γιγνομένων
651 1226 789 1261 κυνῶν
822 1219 890 1258 καὶ
923 1219 965 1259 ἐκ
996 1226 1084 1259 τῶν
1117 1221 1396 1259 Λακωνικῶν.

424 1287 493 1332 Ex
516 1288 601 1333 hoc
623 1288 723 1333 loco
748 1288 972 1345 profectus
997 1288 1200 1333 Kellerus
1217 1288 1266 1346 (1.
1285 1301 1326 1345 p.
1351 1287 1449 1347 103)
1467 1289 1576 1333 bene
1598 1290 1660 1333 sic
1682 1289 1892 1346 disputat:
1917 1288 2061 1343 ¹,dem-

361 1359 475 1404 nach
515 1358 656 1403 haben
700 1361 781 1403 wir
822 1359 892 1403 die
925 1358 1132 1403 Existenz
1166 1371 1255 1404 von
1287 1360 1397 1404 zwei
1430 1359 1776 1404 verschiedenen
1809 1358 2060 1405 Molossern
2124 1416 2131 1425 N

363 1429 454 1474 und
486 1440 575 1475 von
607 1429 926 1474 molossischen
954 1429 1377 1487 Bastardbildungen
1405 1429 1759 1474 anzuerloennen.
1794 1429 1877 1475 Die
1910 1429 2064 1475 Mtinz-

367 1499 467 1545 tafel
498 1501 611 1557 zeigt
642 1513 725 1544 uns
756 1499 834 1545 auf
861 1501 945 1545 den
978 1500 1549 1557 epirotisch·molossischen
1583 1499 1777 1545 Miinzen
1808 1499 1903 1545 teils
1933 1501 2060 1546 einen

366 1570 846 1627 Bullenbeiszertypus,
902 1571 997 1615 teils
1053 1572 1180 1616 einen
1237 1569 1392 1628 Typus
1448 1571 1527 1615 der
1575 1583 1678 1615 vom
1728 1571 2061 1628 gewiihnlichen

362 1641 666 1699 griechischen
707 1641 1092 1698 Jagdwindhunde
1137 1642 1231 1686 sich
1276 1654 1361 1685 nur
1402 1641 1541 1686 durch
1582 1642 1810 1698 plumpere
1858 1640 2060 1697 Formen,

364 1711 543 1757 starken
593 1711 752 1756 dicken
805 1711 917 1756 Hals
963 1712 1053 1756 und
1100 1724 1302 1769 groszen,
1349 1713 1593 1767 schweren,
1640 1713 1766 1757 dabei
1812 1713 1917 1757 aber
1947 1711 2061 1757 doch

365 1783 521 1839 spitzig
552 1782 840 1827 zulauFenden
875 1782 1000 1839 Kopf
1027 1783 1362 1827 unterscheidet.

427 1852 585 1897 Dieser
615 1852 934 1910 letztgenannte
968 1852 1127 1911 Typus
1158 1853 1319 1898 betrifft
1336 1853 1452 1898 ohne
1469 1852 1650 1898 Zweifel
1667 1853 1751 1898 den
1768 1852 2060 1910 epirotischen

366 1923 611 1980 Jagdhund‚
635 1935 723 1969 von
748 1924 959 1968 welchem
983 1925 1061 1969 der
1082 1924 1421 1969 ebenerwiihnte
1443 1924 1750 1969 Aristoteliker
1770 1923 1888 1968 nicht
1909 1923 2064 1968 beson-

366 1995 469 2038 ders
505 1995 658 2038 erbaut
690 1995 756 2038 ist.
824 1994 928 2039 Und
960 1996 1002 2039 in
1035 1995 1115 2040 der
1146 1994 1229 2050 Tat
1260 1995 1404 2040 diirfte
1435 1995 1555 2040 diese
1589 1995 1727 2039 Rasse
1759 2006 1912 2052 wegen
1943 1994 2080 2040 ihrer.

368 2064 762 2122 Schwerfalligkeit
808 2067 851 2109 in
899 2066 982 2110 den
1034 2066 1191 2124 Augen
1238 2067 1317 2111 der
1364 2067 1546 2111 meisten
1587 2065 1726 2122 Jager
1772 2065 1915 2110 hinter
1960 2064 2061 2109 dem
2105 2086 2107 2088 ·

368 2136 576 2180 Lakoner
622 2136 731 2180 oder
781 2136 941 2182 Kreter
987 2138 1091 2182 sehr
1138 2137 1546 2195 zuriickgestanden
1579 2138 1686 2191 sein,
1719 2136 1830 2181 auch
1861 2135 1968 2180 liiszt
1998 2137 2061 2180 sie

365 2208 458 2252 sich
489 2206 606 2258 nicht
638 2206 708 2250 fiir
741 2208 984 2253 besonders
1014 2209 1152 2253 sehon
1185 2209 1404 2253 erklfiren.
1468 2206 1644 2252 Anders
1674 2207 1786 2252 steht
1816 2218 1866 2251 es
1886 2206 1963 2250 mit
1983 2206 2062 2250 der

366 2286 703 2335 erstgenannten
754 2278 906 2334 Rasse,
954 2279 1055 2323 dem
1100 2279 1577 2335 Bullenbeiszertypus.
1641 2277 1776 2322 Diese
1807 2277 1917 2322 wird
1946 2277 2062 2322 noch

367 2350 561 2407 weniger
592 2360 692 2391 zum
725 2349 1010 2404 eigentlichen
1036 2342 1301 2395 ‘Waidwerk
1333 2350 1579 2394 brauchbar
1610 2360 1813 2406 gewesen
1844 2349 1981 2392 sein’'.

432 2492 525 2537 182.
587 2491 694 2536 his:
728 2494 908 2537 canibus
941 2491 1218 2537 Britannicis.

430 2563 786 2607 Athamania:
820 2563 1101 2617 Athamanes,
1134 2562 1335 2607 homines
1368 2563 1577 2616 montani,
1609 2560 1854 2604 habitabant
1875 2560 1919 2604 in
1943 2558 2063 2615 Epiri

368 2644 409 2679 et
442 2633 701 2679 Thessaliae
727 2634 883 2678 finibus
914 2645 1054 2690 prope
1087 2632 1316 2677 Aetoliam.

429 2704 552 2761 Quid
584 2714 683 2762 post
704 2704 986 2748 Athamania
1006 2704 1298 2760 supplendum
1319 2705 1387 2758 sit,
1409 2704 1646 2756 incertum3
1679 2700 1836 2745 Aldina
1847 2697 2061 2756 fraudes,

368 2777 622 2822 Vollmerus
653 2775 807 2819 melius
820 2778 996 2830 gentes
1027 2776 1245 2831 proponit.

434 2917 527 2962 183.
593 2918 818 2961 Azorus:
874 2917 959 2960 hoc
1016 2916 1198 2959 restituit
1245 2913 1576 2959 Wernsdorfius
1623 2924 1704 2968 pro
1751 2909 2060 2968 Acirus(-que),

370 2989 488 3046 quod
519 2989 703 3046 legimus
733 2989 777 3031 in
810 2987 872 3041 A;
906 2986 1085 3031 Azorus
1115 2987 1231 3030 enim
1264 2998 1288 3029 a
1322 2985 1576 3029 Ptolemaeo
1607 2992 1652 3027 ut
1682 2992 1725 3027 et
1757 2981 1931 3026 Pherae
1950 2982 2062 3024 inter

370 3062 603 3117 praecipua
651 3057 902 3103 Thessaliae
949 3057 1109 3114 oppida
1155 3064 1549 3109 commemoratur;
1591 3065 1854 3110 quamquam
1887 3050 2064 3096 Werns-

371 3130 497 3174 dorfii
543 3131 793 3174 coniectura
838 3140 927 3172 non
965 3136 1082 3172 certa
1113 3136 1192 3180 est,
1225 3135 1368 3170 tamen
1401 3125 1485 3170 hoc
1516 3133 1632 3168 recte
1664 3117 1869 3167 intellexit
1899 3133 2060 3166 nomen
