2210 3568
995 221 1053 267 67

190 403 192 405 ‚
229 350 326 398 190.
372 363 604 397 vanum:
636 362 683 397 ut
713 352 877 397 inutile.

164 431 169 437 ·
219 424 388 469 tofus.
408 457 447 468 ..
488 435 584 479 per
599 423 754 468 artis:
779 424 970 468 venandi
986 433 1103 468 artes
1120 433 1209 469 tres
1226 435 1326 469 sunt
1343 426 1494 481 robur,
1513 425 1641 480 odor,
1655 426 1879 472 velocitas.

190 573 198 598 ί
225 566 321 612 191.
351 568 615 623 quantum
647 578 779 611 nare
811 568 1110 611 merentur:
1132 577 1293 624 quanta
1314 580 1472 612 eorum
1499 567 1716 623 „sollertia
1731 569 1881 614 naris'’

158 637 231 696 (cf.
259 650 331 693 vs.
370 637 470 697 172)
499 648 589 694 est;
605 691 607 693 ¹
623 641 855 683 merentur
885 658 944 674 =
975 648 1212 695 praestant.

223 779 318 825 192.
345 761 468 825 'tum
499 792 610 825 non
631 781 714 825 est
736 779 865 824 victi
886 779 1012 835 quoi
1033 792 1347 826 concessere
1370 781 1563 826 laboris
1586 783 1734 828 nullus
1755 784 1881 829 labor

157 860 238 908 est,
284 853 354 897 cui
405 864 600 909 unquam
648 851 812 896 defessi
859 861 1088 896 cesserunt
1137 853 1207 896 vel
1254 853 1449 910 impares
1492 854 1696 911 fuerunt3
1743 856 1879 913 vulgo

39 918 41 921 ’
120 951 124 956 1
157 922 315 968 dicitur
372 923 532 968 cedere
588 923 749 976 labori,
810 923 890 968 sed
943 923 1261 968 conferendum
1309 934 1375 969 est
1422 926 1668 971 concedere
1713 938 1879 973 somno

157 993 359 1052 (Nemes.
393 994 504 1039 Buc.
540 993 593 1038 11.
628 993 715 1052 43).

715 1138 783 1182 De
808 1138 1057 1194 generibus
1087 1138 1324 1184 miscelliS.

222 1278 316 1324 193.
348 1279 566 1325 idcirco:
589 1281 797 1337 quoniam
819 1280 987 1324 nullum
1009 1293 1169 1325 canum
1192 1293 1334 1338 genus
1356 1282 1411 1326 ab
1433 1284 1554 1326 omni
1576 1292 1701 1340 parte
1722 1283 1875 1341 placet.

212 1349 405 1396 idcirco
445 1351 616 1395 variis
664 1351 900 1396 miscebo
931 1352 1183 1407 gentibus
1216 1364 1397 1397 usum:
1429 1353 1664 1411 hypallage
1687 1374 1743 1392 =
1766 1355 1876 1399 mis·

153 1421 264 1468 cebo
321 1423 558 1468 variarum
617 1423 827 1479 gentiam
887 1435 1034 1478 caneS,
1090 1425 1252 1480 quibus
1309 1424 1364 1468 ad
1426 1427 1709 1471 venationem
1771 1430 1876 1471 ator

153 1495 409 1546 =,curabo
440 1505 487 1540 ut
517 1495 682 1540 diversi
713 1496 889 1552 generis
921 1507 1067 1550 canes,
1115 1496 1275 1552 quibus
1323 1505 1438 1552 utor,
1485 1498 1598 1542 inter
1628 1509 1678 1543 se
1708 1499 1876 1548 (coitu)

153 1567 380 1615 misceant.
670 1598 673 1601 -

213 1636 284 1682 De
313 1632 551 1696 generibus
583 1638 789 1682 miscellis
810 1638 996 1696 legimus
1018 1639 1135 1695 apud
1160 1637 1499 1698 [Aristotelem]‚
1523 1639 1621 1686 hist.
1645 1642 1775 1686 anim.
1796 1640 1870 1686 IX.

158 1708 194 1764 l,
226 1709 301 1754 ubi
331 1702 754 1766 commemorantur,
786 1712 822 1751 οἳ
855 1725 899 1751 τε
931 1718 1019 1752 τῶν
1050 1712 1094 1752 ἐν
1121 1718 1177 1766 τῇ
1207 1709 1437 1768 Μολοττίᾳ
1455 1710 1712 1767 γιγνομένων
1733 1721 1872 1757 κυνῶν

151 1781 223 1824 καὶ
254 1780 299 1823 ἐκ
329 1788 418 1823 τῶν
451 1784 739 1825 Λακωνικῶν.

210 1851 407 1898 Eandem
454 1865 550 1899 rem
597 1863 727 1911 atque
778 1852 980 1899 Grattius
1011 1862 1165 1899 tractat
1212 1853 1478 1911 Oppianus;
1521 1855 1706 1913 legimus
1753 1857 1870 1914 apud

151 1922 346 1982 Oppian.
381 1923 412 1970 1.
445 1924 560 1970 393:

326 1994 455 2038 ’ἔθνεα
485 1997 550 2039 σοὶ
581 1995 624 2039 δὲ
655 2004 796 2038 κυνῶν
827 1995 1206 2051 θαλαμηπολέοντι
1237 1996 1426 2052 μελέσθω

326 2069 486 2123 ἄρμενα
517 2069 556 2110 τ’
587 2066 828 2122 ἀλλήλοισιν
863 2069 1027 2110 ἐοικότα
1058 2069 1098 2110 τ’
1129 2068 1253 2126 ἔξοχα
1283 2067 1412 2121 φῦλα.

326 2138 549 2194 ῗΑρκάδας
579 2137 761 2187 Ἠλείοις
793 2140 1014 2197 ἐπιμίσγεο,
1048 2141 1210 2182 Παίοσι
1242 2144 1434 2197 Κρῆτας,

324 2213 478 2266 Κᾶρας
512 2211 733 2267 Θρηϊκίοις,
771 2213 972 2267 Τυρσηνὰ
1002 2210 1185 2265 γένεθλα
1221 2215 1418 2265 Λάκωσι,

324 2284 603 2337 Σαρματικὸν
635 2299 680 2325 τε
711 2284 834 2325 πόσιν
866 2282 1023 2338 φορέοις
1054 2286 1156 2339 πρὸς
1188 2283 1382 2341 Ἰβηρίδα
1414 2280 1595 2340 νύμφην·

324 2350 403 2397 ὧδε
431 2356 507 2408 μὲν
538 2350 585 2396 εὖ
615 2355 836 2409 κεράσειας.

205 2424 306 2471 lure
336 2435 483 2471 tamen
516 2426 695 2470 adnotat
729 2426 914 2471 Vlitius:
950 2439 1065 2480 „non
1099 2428 1195 2484 pari
1218 2439 1339 2482 sane,
1363 2439 1449 2484 qua
1475 2426 1690 2483 Grattius,
1710 2430 1863 2486 peritia

141 2499 185 2542 in
217 2498 455 2542 miscendis
485 2498 668 2542 canibus
699 2499 833 2542 utitur
868 2496 1119 2555 Oppianus,
1152 2510 1253 2543 cum
1275 2509 1317 2543 et
1346 2511 1504 2544 sexum
1527 2512 1618 2544 non
1640 2500 1863 2558 distinguit

141 2567 214 2626 (cf.
245 2580 330 2614 nos
360 2568 415 2613 ad
454 2568 552 2626 155)
583 2578 625 2613 et
657 2581 839 2626 sagaces
870 2581 971 2614 cum
1000 2571 1246 2628 sagacibus,
1270 2570 1504 2616 bellicosos
1526 2584 1627 2616 eum
1645 2572 1862 2618 bellicosis

141 2641 262 2686 coire
293 2640 455 2686 iubet”.

204 2782 299 2828 194.
340 2783 638 2839 quondam:
684 2803 739 2821 =
787 2783 1055 2839 aliquando,
1104 2784 1350 2837 interdum,
1382 2784 1436 2829 cl'.
1488 2783 1711 2830 Grattium
1754 2783 1857 2838 500,

134 2855 442 2910 praeveniens
473 2855 706 2911 quondam
738 2858 810 2898 est
842 2855 1130 2900 incommoda
1167 2856 1329 2910 virtaS,
1382 2854 1474 2901 Ον.
1509 2855 1622 2900 Fast.
1659 2855 1711 2899 11.
1754 2855 1855 2900 799.

137 2926 194 2971 de
236 2925 455 2979 Lucretia,
496 2927 581 2971 sed
612 2926 766 2970 tremit
797 2929 847 2970 ut
877 2927 1110 2982 quondam
1139 2927 1341 2971 stabulis
1372 2928 1602 2982 deprensa
1632 2925 1806 2970 relictis
1838 2929 1856 2978 l

135 3007 283 3052 parva
326 2997 412 3041 sub
461 2997 636 3055 infesto
671 3009 774 3042 cum
822 2997 942 3042 iacet
971 3010 1095 3054 agna
1125 2999 1249 3054 lupo,
1286 2999 1400 3043 l-lor.
1434 3011 1569 3043 carm.
1605 2997 1657 3042 11.
1698 2997 1763 3041 10.
1803 2996 1856 3041 18

137 3069 370 3124 quondam
401 3069 607 3114 citharae
637 3072 863 3113 tacentem
894 3073 913 3124 s
943 3070 1141 3115 suscitat
1172 3081 1368 3114 masam.

194 3139 537 3185 inconsultis:
560 3150 727 3186 temere
744 3142 799 3188 in.
811 3142 928 3198 agris
942 3143 1205 3196 errantibuS,
1224 3143 1324 3198 quia
1342 3150 1492 3186 carent
1509 3141 1628 3184 naris
1645 3139 1851 3198 sollertia.
