2210 3568
1217 205 1245 249 2

382 335 484 390 299,
529 335 640 391 5343
671 335 845 379 tenuis:
876 335 986 389 475;
1025 334 1360 390 quadruplicis:
1391 335 1472 390 263
1505 337 1729 393 participia
1760 339 2003 394 praesentis
2032 340 2077 383 in

380 407 482 451 -tiss
519 406 613 460 140,
653 406 745 459 144,
778 405 880 461 205,
912 405 1013 460 345,
1046 405 1147 449 360.

438 477 479 521 2.
547 477 800 532 auspicio,
833 476 1021 528 Diana,
1053 478 1168 521 tuo:
1192 487 1234 521 te
1256 477 1369 522 duce
1391 487 1519 534 atque
1542 482 1621 521 tuo
1644 479 1800 530 iussu;
1819 479 2078 534 auspicium

382 568 437 586 =
470 549 660 603 iussum,
693 548 746 592 cf.
780 548 914 605 Verg.
948 547 1057 592 Aen.
1092 547 1164 591 XI.
1198 548 1285 593 347
1307 549 1438 592 cuius
1459 549 1516 592 ob
1537 549 1795 604 auspicium
1817 548 2075 607 infaustum

380 630 618 674 moresque
647 618 880 663 sinistros.
1949 605 1955 615 '

442 688 633 747 Oppian.
684 688 946 746 Apameens.
982 689 1012 733 1.
1053 689 1104 733 16
1145 692 1289 744 τοιγὰρ
1320 691 1424 742 ἐγὼν
1455 690 1603 744 ἔραμαι
1636 691 1767 744 θήρης
1799 690 1935 732 κλυτὰ
1966 689 2075 750 ὅήνέ

379 761 551 814 ἀεῖσαι]
567 761 694 801 τοῦτό
724 776 773 813 με
806 759 1037 815 Καλλιόπη
1068 759 1245 813 κέλεται,
1279 762 1394 802 τοῦτ’
1422 761 1620 817 ’'Api-qug-
1652 761 1775 815 αὐτή.

434 830 582 875 Manil.
618 830 648 874 1.
681 830 741 875 30
770 834 820 875 tu
848 831 1061 886 princeps
1091 835 1338 887 auctorque
1368 833 1492 876 sacri
1526 831 1727 888 Cyllenie
1762 832 1895 876 tanti.

435 899 634 946 Diana:
658 903 671 945 i
698 902 828 959 longa
848 911 928 954 est,
949 912 995 946 ut
1020 915 1085 947 vs.
1111 902 1175 958 13,
1193 903 1264 957 99,
1290 903 1393 958 124;
1413 905 1642 948 brevis'est
1659 916 1723 948 vs.
1742 902 1843 957 252,
1861 902 1962 958 484,
1972 902 2071 948 497.

434 972 607 1026 prius:
640 973 757 1027 olim,
790 973 843 1017 cf.
876 973 1034 1017 Avien.
1071 972 1210 1018 Orbis
1242 972 1409 1018 Terrae
1441 974 1528 1017 425
1561 974 1634 1017 hic
1675 974 1846 1029 prius
1877 973 2074 1018 Eridani

372 1047 557 1099 propter
587 1055 829 1088 nemorosa
851 1043 1033 1100 fluenta
1054 1045 1073 1101 s
1089 1044 1321 1100 fleverunt
1351 1044 1560 1100 liquidae
1580 1045 1762 1100 lapsum
1784 1038 2074 1089 Phaethonta

375 1125 572 1159 sorores.

432 1185 580 1240 prius
612 1185 787 1229 omnis
818 1186 874 1228 in
904 1186 1071 1229 armis
1101 1191 1121 1238 l
1151 1198 1278 1240 spes
1309 1185 1433 1231 fuit:
1467 1187 1664 1231 nondum
1697 1188 1973 1232 consentiunt
1990 1188 2073 1232 viri

375 1257 504 1308 docti,
537 1257 762 1312 quomodo
792 1256 879 1300 hoc
910 1269 1044 1301 versu
1076 1269 1168 1301 vox
1195 1257 1339 1300 armis
1361 1258 1612 1314 accipienda
1633 1259 1698 1301 sit.
1733 1257 2077 1303 Recentissimus

375 1329 491 1371 enim
521 1327 676 1382 editor,
710 1326 958 1372 Fridericus
991 1327 1190 1372 Vollmer
1222 1328 1367 1372 armis
1397 1329 1704 1385 interpretatur
1735 1329 1960 1384 membriS,
1983 1341 2073 1374 non

375 1409 518 1453 arma,
550 1399 626 1441 sed
659 1409 814 1441 armos
845 1397 1114 1455 intellegens,
1146 1408 1192 1442 ut
1224 1408 1350 1443 antea
1382 1398 1603 1443 Barthius.
1636 1398 1733 1454 Alii,
1767 1409 1813 1443 ut
1838 1398 2071 1444 Housman

374 1466 537 1525 (Class.
572 1468 682 1512 Rev.
717 1468 836 1523 XIV,
869 1482 909 1524 p.
938 1468 1054 1527 465),
1078 1467 1244 1513 Curcio
1260 1470 1303 1512 in
1321 1471 1635 1514 commentario
1651 1482 1747 1524 suo,
1765 1463 1895 1514 arma
1909 1469 2077 1515 intelle-

374 1550 503 1596 gunt;
536 1540 618 1593 alii,
649 1548 694 1583 ut
727 1539 974 1596 Postgatius
1006 1541 1049 1582 in
1080 1539 1271 1583 editione
1302 1552 1395 1595 sua,
1427 1552 1527 1583 cum
1550 1539 1734 1584 Barthio
1757 1552 1838 1596 pro
1860 1540 1909 1584 in
1927 1541 2072 1585 armis

375 1611 568 1654 scribunt
600 1610 801 1654 inermis.
836 1610 1120 1666 Quamquam
1152 1610 1271 1654 armi
1301 1610 1356 1654 de
1381 1610 1638 1654 animalibus
1659 1610 1930 1666 frequentius
1951 1610 2072 1655 adhi-

375 1682 500 1725 betur
531 1694 662 1738 quam
694 1682 749 1725 de
781 1681 1045 1736 hominibus,
1077 1690 1222 1724 tamen
1253 1681 1308 1724 de
1339 1681 1517 1725 homine
1547 1683 1679 1725 utitur
1702 1681 1934 1738 Vergilius,
1958 1681 2068 1726 Aen.

375 1751 449 1795 XI.
496 1751 605 1795 644:
654 1751 726 1809 (de
776 1750 1026 1809 Herminio)
1072 1752 1194 1795 latos
1240 1752 1345 1795 huic
1390 1752 1527 1795 hasta
1570 1763 1652 1806 per
1691 1763 1885 1796 armos
1914 1756 1934 1807 s
1965 1755 2070 1796 acta

373 1823 537 1877 tremit,
570 1822 775 1867 Lucanus
807 1823 878 1866 IX.
912 1823 1022 1866 831:
1055 1826 1240 1878 totoque
1270 1823 1412 1886 semel
1441 1822 1640 1866 demittit
1669 1822 1727 1866 ab
1758 1834 1899 1867 armo.

437 1893 597 1938 Utrum
638 1903 789 1937 nostro
827 1894 926 1938 loco
967 1906 1097 1937 arma
1128 1907 1181 1937 an
1214 1893 1332 1937 armi
1361 1893 1637 1949 intellegendi
1669 1895 1767 1947 sint,
1800 1902 1981 1949 apparet
2011 1905 2068 1937 ex

372 1965 512 2008 versu'
564 1964 644 2008 153
680 1959 797 2008 sive‘
820 1964 1069 2008 indomitos
1111 1965 1420 2009 vehementior
1459 1964 1608 2008 hostis
1637 1968 1656 2019 s
1686 1964 1841 2008 nudo
1887 1966 2072 2008 marte.

371 2047 554 2090 premas
589 2047 672 2078 seu
713 2035 878 2078 bellum
919 2047 975 2079 ex
1014 2039 1114 2079 arte
1150 2035 1412 2087 ministres;
1444 2048 1545 2079 nam
1577 2044 1729 2079 nostro
1761 2045 1938 2091 quoque
1967 2033 2066 2079 loco

371 2106 487 2150 idem
529 2107 734 2163 legimus:
779 2106 909 2161 prius
939 2107 1093 2150 omnis
1124 2106 1172 2150 in
1203 2107 1347 2150 armis
1377 2110 1396 2160 l
1426 2118 1535 2161 spes
1557 2105 1659 2161 fuit
1690 2108 1734 2148 et
1764 2105 1890 2149 nuda
1919 2104 2066 2149 silvas

370 2177 536 2220 virtute
551 2177 791 2220 movebant
803 2190 822 2229 ,·
850 2187 1001 2233 postea
1023 2187 1168 2221 autem
1192 2177 1421 2221 Rationem
1444 2178 1580 2220 secuti
1601 2175 1810 2220 homines
1825 2175 2066 2230 contiguas

370 2260 427 2291 ex
467 2247 643 2291 artibus
682 2248 798 2291 artis
828 2251 847 2302 s
873 2259 1108 2302 proserere
1153 2257 1410 2304 coeperunt;
1457 2248 1763 2303 antiquissimis
1794 2247 2065 2302 temporibus

367 2320 453 2362 iam
485 2331 606 2362 arma
638 2319 826 2362 adhibita
854 2331 953 2362 esse
982 2321 1077 2375 ipse
1111 2318 1309 2365 Grattius
1341 2318 1490 2373 credit,
1522 2317 1575 2362 cf.
1607 2317 1665 2361 67
1695 2317 1944 2372 ceciditque
1963 2317 2065 2361 suis

371 2390 582 2434 Ancaeus
639 2389 687 2432 in
736 2388 861 2432 arvis
911 2389 973 2446 (et
1019 2390 1293 2444 praedexter
1342 2392 1442 2432 erat
1487 2388 1776 2444 geminisque
1826 2387 2062 2431 securibus

370 2459 561 2517 ingens),
607 2472 708 2503 nam
754 2469 796 2503 et
846 2459 1064 2504 Hercules
1109 2473 1234 2504 suam
1282 2461 1461 2516 gerebat
1505 2459 1688 2503 clavam.
1768 2458 1887 2502 Idem
1935 2458 2063 2513 docet

371 2531 600 2575 Lucretius
644 2529 717 2587 (V.
764 2529 881 2588 967),
929 2543 1060 2586 quem
1108 2533 1206 2575 citat
1255 2529 1504 2584 Housman,
1537 2540 1755 2573 manuum
1796 2527 1912 2572 mira
1943 2526 2064 2584 freti

368 2601 533 2647 virtute
575 2601 830 2655 pedumque
874 2605 893 2655 s
929 2602 1308 2645 consectabantur
1348 2599 1580 2644 silvestria
1623 2599 1778 2643 saecla
1800 2597 2012 2654 ferarum
2041 2603 2063 2652 s

369 2671 704 2716 missilibus
744 2672 913 2715 saxis
952 2675 1007 2715 et
1048 2683 1253 2727 magno
1292 2672 1551 2726 pondere
1594 2669 1819 2713 clavae«

429 2744 686 2788 Rectissime
737 2751 880 2786 autem
927 2746 1056 2787 totius
1096 2743 1179 2788 loci
1220 2743 1477 2787 sententiam
1515 2743 1577 2785 sic
1616 2740 1757 2784 reddit
1801 2738 2059 2784 Housman:

372 2815 615 2872 „primitive
661 2826 776 2868 men,
823 2813 972 2858 before
1020 2814 1161 2857 Diana
1208 2813 1356 2870 taught
1399 2812 1518 2857 them
1563 2814 1699 2866 artes,
1747 2819 1824 2867 put
1865 2810 1919 2854 all
1950 2810 2063 2854 their

367 2894 475 2929 trust
520 2887 564 2929 in
609 2896 832 2940 weapons‚
878 2885 1029 2928 omnis
1076 2885 1123 2928 in
1165 2884 1308 2928 armis
1338 2883 1576 2938 spes,‘and
1607 2881 1769 2925 roused
1800 2880 1872 2924 the
1903 2880 2057 2924 woods

365 2945 468 2999 v‘iith
501 2967 700 3012 prowess
730 2954 950 3011 unhelped
981 2956 1040 3011 by
1072 2955 1184 3009 skill,
1216 2955 1341 2999 nuda
1371 2952 1577 2998 virtute’'.
1627 2952 1830 3008 Denique
1859 2952 1955 2995 iure
1975 2962 2057 2994 suo

365 3026 511 3070 scribit
541 3026 609 3070 vir
640 3026 794 3069 doctus
825 3024 875 3068 Ρ.
909 3025 1039 3069 Dona
1069 3025 1185 3082 (Riv.
1219 3026 1262 3068 di
1296 3025 1413 3068 Filol.
1453 3023 1575 3079 1875,
1608 3036 1650 3079 p.
1690 3022 1799 3080 172),
1827 3030 2057 3078 postquam

363 3098 486 3141 locos
511 3095 692 3153 Vergilii
722 3105 763 3140 et
796 3095 961 3140 Lucani
991 3108 1123 3152 supra
1162 3109 1185 3139 a
1216 3108 1286 3140 me
1322 3097 1473 3140 citatos
1504 3094 1660 3139 attulit:
1683 3093 1917 3148 „osservisi
1947 3093 2057 3148 pero
