2210 3568
989 218 1086 264 27.

156 349 212 397 iis
256 350 366 397 locis
411 350 558 396 diflert
607 348 770 396 Grattii
817 351 928 395 ratio
960 351 1035 406 qui
1068 351 1251 395 mutavit
1282 349 1465 395 forsitan
1496 349 1578 395 hac
1609 349 1704 394 sola
1731 361 1877 405 causa,

12 446 16 459 1
157 421 279 480 quod
309 423 397 468 iam
427 422 512 467 stili
541 423 654 480 epici
683 430 750 467 est
781 422 1012 479 proprium
1045 433 1257 466 numeros
1287 421 1564 466 circumire”.

215 563 289 610 33.
321 563 523 622 ingrati
564 563 774 608 maiora
814 547 968 608 sinus
999 563 1275 619 impendia
1305 565 1544 609 sument:
1578 563 1750 620 ingrati
1778 565 1806 608 i.
1839 575 1878 608 e.

151 635 333 682 ‘inutiles
361 635 437 695 (cf.
469 648 534 682 vs.
566 635 638 680 73.
670 635 747 694 74)
778 644 880 680 sunt
911 637 939 680 ii
971 636 1109 688 sinus,
1131 637 1206 692 qui
1223 636 1391 680 maiora
1407 635 1628 693 impendia
1645 634 1887 693 postulant,'

13 739 15 742 <
62 754 75 770 3
159 705 229 753 cf..
260 705 686 764 Pseudoxenophon
728 706 804 754 2.5
839 708 913 751 ἐὰν
943 704 986 748 δὲ
1017 702 1045 761 ᾖ
1073 706 1199 760 μείζω
1229 705 1308 765 (sc.
1341 708 1398 748 τὰ
1441 705 1624 766 δίκτυα),
1671 705 1881 761 δυσμετα-

10 768 13 775 ’
64 793 65 798 ’
159 778 348 835 χείριστα
392 776 525 821 ἔσται.
573 777 718 824 Sinus
764 778 834 823 hic
879 790 971 823 non
1019 777 1321 833 marsupium,
1355 778 1435 823 sed
1474 778 1592 823 retia
1622 777 1881 836 significant,

61 890 69 920 Υ(
159 858 331 908 partem
362 851 494 908 igitur
525 862 609 909 pro
640 859 748 896 toto.

769 981 837 1026 De
867 981 1067 1026 tinorum
1094 991 1275 1037 genere.

217 1111 292 1159 34.
326 1112 506 1171 Quibus
537 1113 648 1158 locis
678 1112 815 1157 linum
847 1121 1029 1168 crescat,
1061 1124 1246 1156 narrare
1276 1113 1425 1169 incipit
1457 1121 1601 1169 poeta.

222 1182 524 1240 Cinyphiae
596 1184 846 1240 paludes:
926 1183 1090 1228 flumen
1156 1183 1329 1240 Cinyps
1389 1193 1769 1229 commemoratur
1830 1184 1884 1228 ab

165 1254 404 1302 Herodoto
451 1255 528 1301 IV.
585 1256 666 1302 175
708 1255 779 1298 διὰ
821 1256 864 1299 δὲ
897 1257 1043 1298 αὐτῶν
1075 1255 1154 1315 (SC.
1187 1268 1268 1313 per
1301 1255 1473 1314 Macas)
1504 1258 1661 1311 Κῖνυψ
1693 1257 1885 1310 ποταμὸς

158 1326 264 1384 ῥέων
293 1327 337 1370 ὲκ
367 1325 498 1381 λόφου
530 1326 786 1382 καλευμένου
817 1328 1022 1383 Χαρίτων
1044 1329 1083 1376 ἐς
1105 1325 1334 1371 θάλασσαν
1354 1325 1532 1379 tuamor,-
1553 1327 1686 1372 hodie
1706 1325 1885 1384 Cinyps

169 1397 309 1445 Wadi>
347 1397 529 1458 Quaam
574 1398 714 1458 (Uadi
759 1400 800 1444 el
838 1398 1014 1458 Ka’am)
1046 1398 1302 1457 appellatur.
1366 1397 1547 1444 Fluebat
1578 1398 1741 1444 flumen
1773 1400 1887 1443 inter

162 1479 397 1528 utramque
428 1469 612 1529 Syrten,
643 1470 714 1530 (cf.
751 1471 865 1516 Plin.
902 1471 1027 1516 ΝΗ.
1062 1471 1117 1516 V.
1151 1470 1240 1529 27),
1273 1483 1388 1528 quae
1419 1472 1542 1528 regio
1564 1479 1747 1528 propter
1771 1470 1887 1515 ferti-

161 1543 326 1588 litatem
357 1551 503 1588 terrae
534 1544 751 1601 optimum
782 1543 920 1587 linum
952 1543 1238 1601 producebat.
1274 1542 1531 1598 Cinyphiae
1560 1541 1734 1598 segetis
1764 1554 1887 1586 men-

162 1615 330 1660 tionem
377 1613 478 1660 lacit
527 1613 665 1660 Ovid.
709 1614 778 1659 Ex
823 1614 952 1660 Pont.
987 1614 1042 1660 11.
1073 1614 1116 1659 7.
1148 1614 1207 1658 25
1258 1613 1515 1670 Cinyphiae
1545 1613 1719 1670 segetis
1749 1613 1888 1658 citius

45 1665 47 1674 .
91 1684 94 1685 ⁷
131 1681 132 1684 ’
162 1685 432 1731 numerabis
445 1686 651 1739 aristas
685 1685 1039 1743 Ps.-Xenophon
1073 1686 1128 1730 de
1159 1686 1250 1731 lino
1275 1685 1652 1742 Carthaginiensi
1682 1685 1887 1741 loquitur,

170 1755 292 1816 Cyn.
323 1756 366 1803 2.
397 1757 440 1802 3.
474 1759 552 1807 τὰς
583 1756 626 1800 δὲ
658 1759 788 1812 ἄρκυς
825 1760 1046 1802 Φασιανοῦ
1078 1757 1102 1812 ἢ
1125 1756 1527 1813 Καρχηδονίου
1560 1755 1721 1798 λεπτοῦ
1753 1755 1885 1798 λίνου.

164 1827 281 1874 Tota
311 1830 442 1888 igitur
473 1842 527 1874 ea
558 1831 682 1888 regio
713 1829 849 1874 linum
882 1829 1151 1887 produxisse
1184 1829 1371 1874 videtur.
1509 1836 1513 1838 ’

223 1912 294 1947 ne
324 1901 450 1957 quid
481 1902 753 1965 cunctere:
787 1914 843 1946 ne
874 1902 980 1969 quid
1012 1901 1198 1946 dubites,

223 2020 296 2066 35.
337 2020 527 2067 Aeolia
558 2021 623 2066 de
655 2021 799 2066 valle
833 2020 1100 2075 Sibyllae:
1132 2022 1228 2065 iure
1259 2022 1430 2077 sprevit
1464 2019 1664 2065 Vollmer
1686 2018 1889 2064 Salmasii

48 2078 85 2109 Ὗ
162 2094 467 2139 coniecturam
529 2093 775 2137 Aeoliae
836 2095 894 2137 de
952 2092 1072 2137 valle
1130 2091 1333 2148 Sibyllae
1389 2092 1444 2137 cf.
1500 2094 1630 2137 etiam
1685 2105 1726 2137 v.
1783 2090 1886 2135 128:

169 2163 418 2210 Threiciis.
437 2199 447 2210 .
466 2200 476 2209 .
508 2165 711 2210 vallibus
746 2164 900 2209 Hebri.
942 2162 1064 2210 Cum
1096 2173 1251 2209 nostro
1283 2164 1382 2209 loco
1399 2163 1698 2209 conferendus
1720 2163 1889 2208 Plinius

166 2235 286 2292 XIX,
339 2235 415 2282 10:
461 2239 535 2281 est
577 2248 668 2281 sua
710 2236 863 2292 gloria
908 2238 956 2280 et
1004 2234 1213 2280 Cumano
1259 2235 1335 2294 (sc.
1384 2234 1492 2294 lino)
1523 2235 1586 2279 ad
1616 2234 1814 2291 piscium
1847 2237 1891 2278 et

166 2307 333 2354 alitum
362 2311 614 2365 capturam.
648 2308 825 2353 Eadem
840 2311 887 2352 et
905 2307 1109 2364 plagis
1131 2307 1340 2352 materia.
1365 2307 1526 2363 Neque
1547 2307 1670 2351 enim
1688 2306 1891 2351 minores

168 2378 347 2426 cunctis
376 2379 662 2425 animalibus
693 2379 896 2425 insidias
927 2391 1068 2436 quam
1100 2379 1329 2424 nobismet
1363 2378 1482 2434 ipsis
1512 2379 1609 2423 lino
1641 2378 1887 2423 tendimus.

167 2449 283 2497 Sed
328 2450 627 2497 Cumanae
665 2452 884 2508 plagae
925 2451 1250 2496 concidunt
1288 2461 1470 2506 apros
1504 2453 1561 2494 et
1592 2450 1653 2495 hi
1683 2461 1891 2494 casses

167 2521 261 2568 vel
296 2522 456 2581 ferri
501 2523 691 2568 aciem
731 2523 993 2568 vincunt.
1032 2522 1225 2568 Aeolia
1255 2522 1441 2567 vallis:
1477 2521 1652 2567 Cumae
1686 2521 1892 2567 Aeolien-

168 2594 285 2639 sium
316 2595 490 2641 colonia
520 2604 630 2648 erat,
662 2594 716 2640 cf.
750 2594 976 2653 Scymnus
1011 2593 1156 2640 Chius
1187 2587 1470 2654 (PeriegesiS,
1501 2593 1631 2651 238):

231 2667 377 2722 Κύμη,
407 2668 611 2724 πρότερον
642 2669 694 2722 ἣν
729 2665 961 2716 Χαλκιδεῖς
990 2667 1239 2723 οἷπῳκισαν]
1270 2663 1333 2709 εἶτ
1364 2665 1553 2714 Αἰολεῖς.

160 2749 162 2752 ’
231 2737 404 2795 Plagas
434 2737 628 2784 Aeolias
659 2740 684 2783 i.
718 2751 759 2784 e.
795 2737 1040 2795 Cumanas,
1072 2739 1203 2784 etiam
1250 2737 1490 2783 Horatium
1537 2747 1891 2782 commemorare

169 2810 370 2855 nonnulli
394 2823 486 2856 non
507 2820 627 2856 recte
645 2811 844 2865 credunt,
867 2809 922 2856 cf.
942 2810 1078 2868 Epist.
1106 2809 1138 2855 1.
1173 2810 1236 2855 18.
1256 2809 1395 2865 45s46
1412 2809 1717 2866 quotiensque
1732 2807 1894 2852 educet

173 2879 223 2926 in
264 2892 405 2938 agros
424 2887 444 2936 s
466 2882 504 2927 A
522 2886 628 2928 eto
645 2883 661 2927 l
678 2883 735 2927 is
767 2882 946 2941 [Vlitius
984 2867 1178 2940 Aeoliis]
1211 2885 1406 2927 onerata
1444 2880 1645 2937 plagis
1687 2879 1893 2924 iumenta

173 2964 416 3010 canesque.

232 3073 304 3119 36.
337 3053 393 3119 et
424 3074 607 3130 aprico
638 3073 934 3120 Tuscorum
966 3075 1200 3130 stuppea
1231 3084 1422 3129 campo
1454 3078 1474 3125 Ι
1504 3069 1728 3116 messis:
1766 3072 1894 3124 stup-

173 3155 314 3200 peam
346 3157 543 3191 messem
575 3155 844 3204 proventum
876 3146 951 3192 lini
983 3157 1125 3192 vocat.
