2210 3568
994 276 1054 323 27

183 394 246 479 .ῗῇ
361 422 406 458 v.
423 410 482 465 d.
525 408 697 456 Curcio
743 409 1017 454 demonstrat
1056 417 1233 466 poetam
1276 409 1415 454 nostri
1447 409 1656 454 earminis
1685 408 1887 465 complu-

162 489 166 492 ’
267 515 276 521 -.
305 480 420 534 bah
437 481 622 540 Vergilii
643 480 891 526 Aeneidem
911 491 1048 525 nosse
1069 480 1228 527 videri.
1263 479 1397 536 Quos
1413 480 1538 526 locos
1553 479 1624 525 hic
1640 479 1884 524 excribam:

163 604 259 686 Ξ
283 622 465 685 Cyneg.
497 623 572 670 38.

142 698 211 757 §¹3²5
236 688 242 693 ’
519 706 606 753 qua
636 694 779 740 cultor
810 693 922 739 Latii
953 705 1035 751 per
1065 706 1206 751 opaca
1235 694 1406 739 silentia
1438 692 1636 751 Thybris

144 761 238 806 ι”ῑῑὶΨ
283 766 399 816 Aen.
431 766 487 813 11.
518 766 622 812 255.

519 851 544 884 a
575 836 763 884 Tenedo
794 838 948 883 tacitae
979 831 1060 895 pe'r
1091 837 1231 882 amica
1262 837 1431 882 silentia
1462 836 1592 882 lunae

127 1038 144 1046 „
174 1038 187 1046 .,
244 1019 245 1022 ,
282 980 463 1041 Cyneg.
501 980 749 1028 103-104.

112 1042 183 1081 '²²²⁷
316 1080 318 1082 -
371 1082 373 1085 .
890 1052 996 1097 haut
1023 1052 1099 1096 illo
1129 1052 1363 1109 quisquam
1393 1062 1443 1094 se
1473 1051 1630 1094 iustior
1659 1050 1760 1106 egit,

266 1154 269 1156 >
517 1125 607 1170 hau
635 1124 716 1170 fuit
747 1125 791 1169 in
822 1125 953 1169 terris
984 1124 1137 1169 divom
1169 1123 1482 1168 observantior
1513 1122 1622 1166 alter

276 1194 392 1246 Aen.
427 1194 460 1241 1.
492 1193 749 1239 544-545.

381 1267 392 1297 f*
828 1269 830 1271 ’
1079 1276 1082 1284 ⁴
1160 1275 1250 1320 quo
1281 1263 1437 1307 iustior
1468 1262 1577 1306 alter

515 1349 598 1382 nec
628 1338 790 1395 pietate
821 1335 901 1381 fuit
931 1347 1014 1380 nec
1045 1335 1176 1383 bello,
1194 1335 1336 1379 maior
1365 1343 1409 1379 et
1440 1334 1577 1378 armis

217 1516 230 1529 .
278 1479 320 1529 C
356 1492 414 1527 ne
446 1514 458 1526 .
497 1479 594 1526 159.

325 1494 355 1540 y
416 1493 445 1540 g
514 1560 617 1597 sunt
647 1551 723 1609 qui
755 1549 892 1596 Seras
923 1550 1053 1606 alant,
1085 1562 1227 1608 genus
1257 1548 1540 1593 intractabilis
1570 1548 1664 1592 irae

275 1623 390 1671 Aen.
413 1622 456 1682 11.
481 1622 593 1668 339.

512 1694 594 1740 sed
625 1693 736 1757 fines
769 1693 941 1751 Libyci,
973 1705 1114 1751 genus
1145 1692 1417 1737 intractabile
1446 1690 1562 1736 bello

215 1872 229 1886 .
277 1836 456 1897 Cyneg.
488 1836 745 1882 223-224.

1008 1916 1100 1952 tum
1130 1907 1256 1963 signa
1289 1917 1459 1963 vapore
1490 1904 1635 1950 ferino

509 1981 770 2026 intemerata
801 1979 969 2037 legem,
1000 1979 1039 2024 si
1069 1987 1198 2035 quast
1228 1989 1316 2035 qua
1346 1976 1506 2022 fallitur
1538 1978 1635 2022 eius

273 2053 387 2100 Aen.
421 2051 498 2098 lx.
529 2050 783 2097 392-393.

990 2121 1121 2166 simul
1153 2130 1199 2166 et·
1227 2121 1412 2178 vestigia
1443 2129 1565 2165 retro

500 2196 749 2241 observata
779 2194 883 2251 legit
913 2193 1148 2250 dumisque
1178 2193 1406 2238 silentibus
1435 2200 1568 2237 errat.
1596 2242 1597 2245 Ἴ

214 2371 227 2384 .
276 2337 456 2398 Cyneg.
487 2338 592 2384 239.

512 2409 679 2455 mandit
709 2409 909 2464 humum,
940 2407 1139 2454 celvisve
1159 2407 1407 2465 >adprensat
1438 2406 1619 2451 naribus
1650 2416 1782 2449 auras

272 2481 386 2529 Aen.
419 2481 496 2528 XI.
527 2481 631 2527 669.

432 2582 435 2585 -
511 2553 679 2599 mandit
708 2553 894 2598 humum
926 2543 1215 2608 moriensque
1244 2562 1329 2595 suo
1360 2562 1410 2595 se
1431 2551 1476 2594 in
1499 2549 1684 2595 volnere
1707 2556 1870 2594 versat.

213 2675 233 2742 ,Ἰ
274 2695 453 2756 Cyneg.
485 2695 588 2742 247.

37 2773 106 2839 ²j²³
509 2769 554 2813 in
581 2776 758 2825 partem
790 2766 983 2824 praedae
1016 2766 1178 2813 veniat·
1193 2777 1348 2811 comes
1378 2774 1422 2810 et
1442 2777 1532 2810 sua
1563 2765 1680 2809 norit

124 2854 129 2860 ’
160 2873 161 2878 ,
270 2838 383 2886 Aen.
417 2838 495 2886 111.
526 2837 783 2884 222-223.

508 2911 553 2955 in
583 2918 755 2967 partem
786 2909 1089 2967 praedamque
1116 2908 1304 2964 ¹Iovem;
1334 2918 1427 2953 tum
1459 2908 1586 2952 litore
1614 2917 1756 2951 curvo

178 3051 223 3099 7.
274 3051 452 3111 Cyneg.
484 3052 586 3098 251.

503 3136 615 3182 er-go
646 3135 827 3182 semper
847 3125 959 3179 erite,
990 3123 1097 3170 dum
1129 3124 1326 3169 carmina
1357 3123 1553 3178 dumque
1585 3118 1825 3164 manebunt

506 3195 720 3241 silvarum
751 3195 878 3240 dotes
917 3228 929 3240 .
947 3225 958 3241 .
979 3230 1019 3240 ..
