2210 3568
1176 246 1257 291 132

365 373 592 427 „nullam”
624 399 682 406 —
713 375 770 419 ibi
807 374 991 432 legimus
1008 399 1066 407 --
1087 372 1462 429 „commissuram
1477 377 1648 433 pedum
1660 377 1848 435 flectere
1861 380 2061 435 potesf’,

360 444 688 489 commissurae
719 455 863 490 autem
896 445 1200 490 iuncturae
1231 457 1346 502 sunt,
1379 447 1433 492 ef.
1471 446 1681 501 Ciceron.
1716 448 1816 494 Nat.
1849 451 1972 495 deor.
2005 450 2066 497 ΙΙ.Δ

361 515 419 559 55
459 527 570 559 ossa
611 515 836 560 mirabilis
865 517 1194 561 commissuras
1226 518 1404 562 habent.
1439 518 1507 563 Ex
1537 519 1693 563 eadem
1725 519 2063 566 mulomedicina

359 586 566 630 discimus
611 587 769 631 animal
801 587 1066 632 roborosum
1097 601 1196 633 esse
1228 589 1596 645 conligatum
1627 590 1685 634 ab
1715 590 1899 635 armis
1927 592 2065 637 cruri-

361 657 533 712 busque
564 660 607 701 et
638 658 850 702 omnibus
875 659 1072 714 pedibus
1088 660 1378 704 constrictum
1400 670 1442 704 et
1462 662 1590 705 etiam
1610 660 1875 718 Pelagonius
1891 671 2061 708 narrat:

359 731 491 772 erunt
552 728 734 772 umeri
794 732 839 772 et
885 730 1038 774 cervix
1085 742 1227 786 usque
1273 734 1410 786 caput
1456 731 1665 786 rigida.
1730 730 1893 776 Suadet
1933 733 2063 790 igitur

365 798 564 844 Grattius
595 809 641 843 ut
671 811 728 843 ex
761 811 992 844 armorum
1024 801 1246 845 iuncturis
1277 803 1345 846 i.e.
1378 814 1435 846 ex
1467 803 1608 846 umeri
1640 803 1932 854 commissura
1961 815 2062 848 cum

360 870 563 914 bracchio
610 872 788 927 sanguis
836 880 1019 927 petatur,
1067 881 1111 915 ut
1145 874 1253 915 armi
1287 885 1440 916 rursus
1473 874 1645 918 moveri
1677 874 1860 930 possint.
1893 873 2063 918 Eodem

356 941 473 984 enim
520 941 654 984 modo
702 942 791 986 vult
837 954 861 985 e
910 942 1099 986 naribus
1146 943 1424 998 auribusque
1469 945 1727 1000 sanguinem
1774 944 1907 999 demi,
1959 957 2061 988 nam

359 1012 517 1055 animal
562 1012 843 1066 roborosum‚
888 1022 932 1056 ut
984 1011 1195 1057 Chironis
1241 1023 1338 1057 utar
1379 1010 1541 1068 verbiS,
1583 1014 1831 1058 naribus
1860 1014 2064 1060 extensis

360 1085 404 1126 et
435 1082 737 1126 auriculis
769 1083 1076 1127 immobilibus
1107 1087 1151 1127 et
1183 1084 1347 1140 rigidis
1377 1093 1456 1128 est.

420 1152 518 1196 Hac
550 1154 905 1209 interpretatione
928 1156 1110 1211 probata
1138 1154 1317 1212 Hauptii
1339 1156 1588 1199 coniectura
1611 1148 1802 1200 maxime
1822 1155 2063 1212 laudanda;

358 1224 446 1267 duo
478 1224 791 1268 enlm'tantum
824 1237 1080 1270 umerorum
1113 1227 1315 1282 ligamina
1348 1226 1476 1270 habet
1506 1227 1638 1270 canis.

421 1292 596 1349 Quodsi
620 1306 777 1338 armus
799 1304 967 1351 partem
990 1296 1113 1352 pedis
1135 1298 1412 1352 superiorem
1435 1298 1635 1354 accipere
1656 1298 1812 1352 mavis,
1834 1297 2060 1353 ligamina

360 1366 539 1416 ἀγκῶνες
571 1376 672 1408 sunt
705 1366 775 1410 vel
808 1366 944 1421 locus,
977 1368 1050 1410 ubi
1084 1368 1238 1411 ambae
1270 1367 1395 1423 pedis
1426 1368 1561 1424 partis
1592 1368 1850 1423 cohaerent;
1877 1369 1931 1412 ad
1953 1362 2065 1413 hanc

359 1437 760 1492 interpretationem
793 1437 1114 1502 defendendam
1146 1438 1320 1482 adferre
1352 1447 1478 1495 potes
1513 1437 1732 1496 Hippiatr.
1754 1438 1826 1483 38.
1849 1439 1877 1483 4
1899 1439 2064 1488 πάντας

359 1507 454 1554 τοὺς
500 1507 586 1547 ἀπὸ
634 1505 873 1561 πλησμονῆς
915 1511 983 1549 καὶ
1021 1509 1229 1563 ὠμότητος
1261 1510 1498 1565 πάσχοντας
1529 1509 1694 1567 ἄριστον
1730 1508 1990 1567 Ῥλεβοτομεῒν
2020 1510 2063 1552 ἐκ

360 1585 443 1620 τῶν
489 1577 688 1630 ἀγκώνων
736 1580 803 1620 καὶ
850 1579 1079 1635 βραχιόνων
1090 1597 1104 1630 ,·
1153 1590 1255 1624 tunc
1303 1592 1403 1624 cum
1446 1579 1674 1625 Vollmero
1706 1581 1905 1637 requiras
1937 1593 2063 1626 voca-

362 1648 527 1702 bulum,
572 1649 699 1704 quale
731 1649 903 1704 rigida3
937 1652 1082 1706 possis
1113 1652 1308 1695 scribere
1340 1654 1384 1694 et
1415 1651 1532 1695 dura
1562 1650 1800 1706 ligamina,
1831 1651 1910 1696 sed
1941 1653 2063 1709 prior

360 1721 674 1776 interpretatio,
731 1733 862 1776 quam
914 1721 1027 1774 dedi,
1076 1723 1221 1777 potior
1269 1721 1455 1776 videtur,
1502 1734 1603 1766 cum
1650 1722 1766 1778 apud
1816 1721 2062 1767 Chironem

360 1790 491 1845 armi,
533 1802 678 1844 crura,
717 1791 863 1846 pedes
898 1792 1144 1848 singillatim
1175 1801 1503 1846 enumerentur,
1535 1805 1592 1836 ex
1623 1805 1709 1848 qua
1741 1805 1790 1838 re
1823 1795 1918 1838 veri
1933 1793 2063 1838 simil-

360 1861 510 1904 limum
543 1872 607 1904 est
643 1859 863 1905 Grattium
897 1875 1073 1919 quoque
1099 1875 1211 1907 voce
1226 1863 1346 1907 armi
1362 1875 1450 1907 non
1468 1864 1510 1906 in
1529 1864 1786 1908 universum
1803 1876 1932 1908 usum
1948 1876 2061 1908 esse.

419 1979 518 2022 471.
553 1979 874 2034 geminaque
906 1991 1058 2024 cruor
1089 1980 1357 2024 ducendus
1389 1982 1457 2023 ab
1480 1991 1631 2024 aure:
1652 1981 1706 2025 cf.
1734 1980 2061 2038 Cynosophion

360 2050 389 2093 6
431 2049 615 2105 (Aelian.
649 2051 717 2094 ed.
756 2050 961 2095 Hercher
994 2051 1046 2094 ΙΙ.
1079 2051 1207 2105 589);
1239 2051 1344 2093 κύνα
1376 2051 1632 2105 πυρέσσοντα
1664 2053 1794 2106 οὕτως
1825 2052 1974 2108 γνώσῃ.
2007 2053 2087 2093 τὰ·

360 2117 448 2161 ὦτα
481 2119 618 2172 κλίνει,
649 2122 864 2173 στυγνάζει
886 2124 932 2162 τὸ
955 2123 1191 2176 πρόσωπον,
1225 2122 1272 2162 οὐ
1305 2121 1511 2162 καθεύδει.
1544 2122 1764 2177 ἀφαίρει
1796 2119 1888 2166 οὖν
1927 2119 2060 2176 αἷμα

361 2184 463 2234 τῶν
494 2190 667 2242 86er,-
703 2191 944 2236 Mulomed.
981 2191 1192 2236 Chironis
1224 2191 1309 2249 (ed.
1346 2190 1485 2246 Oder,
1525 2191 1589 2246 16,
1612 2205 1653 2249 p.
1672 2193 1718 2250 9)
1733 2192 2063 2249 cephalargicis

362 2266 406 2306 et
451 2262 697 2306 tentinaris
739 2263 1024 2318 praecipitur
1068 2266 1116 2306 ut
1162 2263 1218 2306 de
1264 2262 1575 2306 auricularum
1605 2263 1737 2307 venis
1765 2263 1960 2319 sanguis
1990 2263 2064 2307 de-

360 2332 569 2377 trahitur.
629 2332 768 2376 Etiam
818 2333 965 2377 Varro
997 2334 1051 2376 de
1084 2333 1276 2389 agricult.
1312 2332 1364 2376 11.
1404 2334 1438 2376 l.
1471 2332 1529 2376 23
1560 2333 1606 2377 si
1637 2333 1722 2378 hoc
1748 2345 1896 2389 genus
1926 2332 2060 2378 rebus

363 2415 456 2447 non
482 2403 734 2460 proficitur,
768 2404 967 2448 demitur
993 2404 1200 2459 sanguis,
1233 2404 1432 2448 maxime
1462 2415 1488 2448 e
1518 2404 1681 2459 capite.

422 2520 521 2566 472.
554 2520 698 2565 hinc:
731 2534 788 2565 ex
819 2524 1031 2578 sanguine
1063 2532 1284 2578 corrupto.

423 2639 524 2683 474.
534 2639 921 2693 subsiduasque
932 2638 1107 2682 fraces
1116 2638 1402 2695 defusaque
1413 2639 1642 2690 Massica
1653 2639 1830 2694 prisco
1840 2644 2060 2695 [sparge

365 2710 517 2754 cado:
539 2709 701 2766 fraces
731 2719 830 2754 sunt
862 2722 1017 2754 carnes
1049 2710 1248 2754 residuae
1280 2711 1477 2754 olearum
1510 2719 1678 2767 trapeto
1710 2710 2059 2755 commolitarum

363 2791 404 2825 et
437 2781 562 2837 prelov
592 2793 918 2837 expressarum,
951 2780 1004 2824 cf.
1041 2779 1156 2824 Gell.
1193 2781 1321 2826 Noct.
1355 2781 1441 2825 Att.
1474 2781 1547 2825 XI.
1582 2782 1608 2824 7
1631 2780 1822 2836 floces
1848 2781 2060 2825 audierat

359 2852 516 2907 prisca
546 2863 654 2895 voce
685 2851 948 2907 significare
978 2851 1076 2895 vini
1098 2841 1284 2907 faecem
1315 2864 1340 2895 e
1370 2852 1575 2915 vinaceis
1606 2863 1883 2906 expressam,
1923 2851 2061 2895 sicuti

356 2922 564 2978 fraces
610 2934 666 2966 ex
710 2922 852 2973 oleis,·
904 2921 1088 2965 Osthoff
1132 2924 1393 2966 vocabulum
1431 2921 1591 2979 fraces
1636 2923 1810 2966 deducit
1849 2935 1875 2966 e
1914 2922 2060 2966 radice

366 2993 389 3016 *
422 3005 545 3037 mrac
575 3018 646 3047 —,
679 2993 732 3036 cf.
765 3004 942 3036 marceo
974 2992 1273 3050 (Morpholog.
1312 2993 1490 3037 Unters.
1523 2993 1600 3036 auf
1628 2993 1726 3037 dem
1756 2994 1945 3040 Gebiete
1980 2992 2059 3035 der

367 3064 810 3120 lndogermanischen
829 3062 1055 3118 Sprachen
1075 3075 1161 3105 von
1184 3062 1369 3107 Osthoff
1381 3064 1471 3107 und
1489 3063 1744 3119 Brugmann
1770 3062 1823 3106 V,
1848 3062 1940 3106 103.
1957 3063 2059 3118 sq.).

423 3135 673 3178 subsiduae
704 3135 901 3178 olearum
933 3134 1138 3188 reliquiae
1170 3133 1384 3188 dicuntur,
1402 3136 1503 3190 quia
1518 3133 1762 3178 subsidunt
1782 3142 1824 3177 et
1847 3133 1901 3176 ad
1923 3134 2057 3176 imum

2205 2735 2210 2744 ,

2204 2812 2210 2819 t

2190 2991 2191 2994 Ἰ
2204 3003 2210 3012 Ὶ

2199 3275 2210 3293 ,1,

2185 3504 2199 3526 Ὶζ,
2209 3505 2210 3508 ’
