<?xml version="1.0" encoding="UTF-8"?>
<!DOCTYPE html PUBLIC "-//W3C//DTD XHTML 1.0 Transitional//EN"
    "http://www.w3.org/TR/xhtml1/DTD/xhtml1-transitional.dtd">
<html xmlns="http://www.w3.org/1999/xhtml" xml:lang="en" lang="en">
 <head>
  <title>
</title>
<meta http-equiv="Content-Type" content="text/html;charset=utf-8" />
  <meta name='ocr-system' content='tesseract 3.04.00' />
  <meta name='ocr-capabilities' content='ocr_page ocr_carea ocr_par ocr_line ocrx_word'/>
</head>
<body>
  <div class='ocr_page' id='page_1' title='image "./cynegeticonquaes00gratuoft_0015.png"; bbox 0 0 2210 3568; ppageno 0'>
   <div class='ocr_carea' id='block_1_1' title="bbox 0 0 104 215">
    <p class='ocr_par' dir='ltr' id='par_1_1' title="bbox 0 0 104 215">
     <span class='ocr_line' id='line_1_1' title="bbox 0 0 104 215; baseline 0 3353"><span class='ocrx_word' id='word_1_1' title='bbox 0 0 104 215; x_wconf 95' lang='lat' dir='ltr'><em> </em></span> 
     </span>
    </p>
   </div>
   <div class='ocr_carea' id='block_1_2' title="bbox 0 64 65 1615">
    <p class='ocr_par' dir='ltr' id='par_1_2' title="bbox 0 64 65 1615">
     <span class='ocr_line' id='line_1_2' title="bbox 0 287 32 1615; textangle 90"><span class='ocrx_word' id='word_1_2' title='bbox 0 1455 14 1615; x_wconf 41' lang='lat' dir='ltr'><em>‘m‘-</em></span> <span class='ocrx_word' id='word_1_3' title='bbox 0 488 32 1434; x_wconf 36' lang='lat' dir='ltr'><em>mfflfflwtwvwffffiffsseam</em></span> <span class='ocrx_word' id='word_1_4' title='bbox 16 383 30 468; x_wconf 64' lang='grc'><em>-,</em></span> <span class='ocrx_word' id='word_1_5' title='bbox 15 316 25 339; x_wconf 45' lang='grc' dir='ltr'><em>ι.</em></span> <span class='ocrx_word' id='word_1_6' title='bbox 20 287 28 302; x_wconf 46' lang='grc'><em>«,</em></span> 
     </span>
     <span class='ocr_line' id='line_1_3' title="bbox 22 64 65 1283; textangle 90"><span class='ocrx_word' id='word_1_7' title='bbox 42 1279 45 1283; x_wconf 69' lang='grc'>’</span> <span class='ocrx_word' id='word_1_8' title='bbox 38 676 42 679; x_wconf 93' lang='grc'><em>·</em></span> <span class='ocrx_word' id='word_1_9' title='bbox 31 551 57 629; x_wconf 65' lang='lat' dir='ltr'><em>‘s&#39;</em></span> <span class='ocrx_word' id='word_1_10' title='bbox 25 463 37 492; x_wconf 49' lang='lat'><em>⁷⁴</em></span> <span class='ocrx_word' id='word_1_11' title='bbox 30 326 50 437; x_wconf 42' lang='lat'><em>*⁴²²*</em></span> <span class='ocrx_word' id='word_1_12' title='bbox 22 103 65 306; x_wconf 38' lang='lat'><em>²³32⁸³&gt;22:.„.</em></span> <span class='ocrx_word' id='word_1_13' title='bbox 54 64 58 71; x_wconf 82' lang='lat'><em>.</em></span> 
     </span>
    </p>
   </div>
   <div class='ocr_carea' id='block_1_3' title="bbox 987 255 1015 299">
    <p class='ocr_par' dir='ltr' id='par_1_3' title="bbox 987 255 1015 299">
     <span class='ocr_line' id='line_1_4' title="bbox 987 255 1015 299; baseline 0 0"><span class='ocrx_word' id='word_1_14' title='bbox 987 255 1015 299; x_wconf 92' lang='grc'>5</span> 
     </span>
    </p>
   </div>
   <div class='ocr_carea' id='block_1_4' title="bbox 143 371 1921 2882">
    <p class='ocr_par' dir='ltr' id='par_1_4' title="bbox 143 371 1921 1226">
     <span class='ocr_line' id='line_1_5' title="bbox 143 371 1866 447; baseline -0.005 -12"><span class='ocrx_word' id='word_1_15' title='bbox 143 390 208 436; x_wconf 79' lang='lat' dir='ltr'><em>sic</em></span> <span class='ocrx_word' id='word_1_16' title='bbox 236 389 547 447; x_wconf 83' lang='lat' dir='ltr'><em>interpretatus</em></span> <span class='ocrx_word' id='word_1_17' title='bbox 577 396 645 432; x_wconf 90' lang='lat' dir='ltr'><em>est</em></span> <span class='ocrx_word' id='word_1_18' title='bbox 679 387 994 444; x_wconf 80' lang='lat' dir='ltr'>„cynegeticon</span> <span class='ocrx_word' id='word_1_19' title='bbox 1028 371 1105 431; x_wconf 70' lang='lat' dir='ltr'><em>li‘bl</em></span> <span class='ocrx_word' id='word_1_20' title='bbox 1140 406 1195 423; x_wconf 94' lang='lat'><strong><em>=</em></strong></span> <span class='ocrx_word' id='word_1_21' title='bbox 1229 386 1300 429; x_wconf 90' lang='lat' dir='ltr'><em>lib.</em></span> <span class='ocrx_word' id='word_1_22' title='bbox 1336 383 1376 439; x_wconf 93' lang='lat' dir='ltr'><em>l;</em></span> <span class='ocrx_word' id='word_1_23' title='bbox 1409 383 1525 427; x_wconf 90' lang='lat' dir='ltr'><em>idem</em></span> <span class='ocrx_word' id='word_1_24' title='bbox 1567 384 1654 427; x_wconf 91' lang='lat' dir='ltr'><em>iam</em></span> <span class='ocrx_word' id='word_1_25' title='bbox 1697 383 1866 428; x_wconf 82' lang='lat' dir='ltr'><em>Sanna-</em></span> 
     </span>
     <span class='ocr_line' id='line_1_6' title="bbox 143 454 1862 515; baseline -0.005 -8"><span class='ocrx_word' id='word_1_26' title='bbox 143 472 276 507; x_wconf 69' lang='lat' dir='ltr'><em>aerus</em></span> <span class='ocrx_word' id='word_1_27' title='bbox 319 461 566 514; x_wconf 87' lang='lat' dir='ltr'><em>invenerat,</em></span> <span class='ocrx_word' id='word_1_28' title='bbox 611 457 666 503; x_wconf 81' lang='lat' dir='ltr'><em>cl.</em></span> <span class='ocrx_word' id='word_1_29' title='bbox 714 459 810 503; x_wconf 90' lang='lat' dir='ltr'><em>eius</em></span> <span class='ocrx_word' id='word_1_30' title='bbox 854 458 1146 515; x_wconf 83' lang='lat' dir='ltr'>apographon</span> <span class='ocrx_word' id='word_1_31' title='bbox 1193 458 1236 500; x_wconf 93' lang='lat' dir='ltr'><em>in</em></span> <span class='ocrx_word' id='word_1_32' title='bbox 1269 456 1367 500; x_wconf 91' lang='lat' dir='ltr'><em>cod.</em></span> <span class='ocrx_word' id='word_1_33' title='bbox 1403 454 1595 499; x_wconf 88' lang='lat' dir='ltr'><em>Vindob.</em></span> <span class='ocrx_word' id='word_1_34' title='bbox 1628 455 1698 498; x_wconf 92' lang='lat' dir='ltr'><em>lat.</em></span> <span class='ocrx_word' id='word_1_35' title='bbox 1730 454 1862 498; x_wconf 86' lang='lat'>3261.</span> 
     </span>
     <span class='ocr_line' id='line_1_7' title="bbox 147 518 1865 587; baseline -0.003 -13"><span class='ocrx_word' id='word_1_36' title='bbox 147 527 283 586; x_wconf 86' lang='lat' dir='ltr'><em>Quae</em></span> <span class='ocrx_word' id='word_1_37' title='bbox 326 538 486 586; x_wconf 85' lang='lat' dir='ltr'><em>poetae</em></span> <span class='ocrx_word' id='word_1_38' title='bbox 530 530 675 575; x_wconf 89' lang='lat' dir='ltr'><em>editor</em></span> <span class='ocrx_word' id='word_1_39' title='bbox 723 527 894 574; x_wconf 90' lang='lat' dir='ltr'><em>Curcio</em></span> <span class='ocrx_word' id='word_1_40' title='bbox 936 527 1126 587; x_wconf 86' lang='lat' dir='ltr'><em>(Rivista</em></span> <span class='ocrx_word' id='word_1_41' title='bbox 1167 528 1210 571; x_wconf 92' lang='lat' dir='ltr'><em>di</em></span> <span class='ocrx_word' id='word_1_42' title='bbox 1242 526 1344 571; x_wconf 85' lang='lat' dir='ltr'><em>filol.</em></span> <span class='ocrx_word' id='word_1_43' title='bbox 1383 525 1496 570; x_wconf 85' lang='lat'>1898</span> <span class='ocrx_word' id='word_1_44' title='bbox 1528 539 1570 583; x_wconf 90' lang='lat' dir='ltr'><em>p.</em></span> <span class='ocrx_word' id='word_1_45' title='bbox 1603 518 1684 580; x_wconf 72' lang='lat'><em>59)</em></span> <span class='ocrx_word' id='word_1_46' title='bbox 1711 537 1865 570; x_wconf 89' lang='lat' dir='ltr'><em>contra</em></span> 
     </span>
     <span class='ocr_line' id='line_1_8' title="bbox 145 597 1869 658; baseline -0.003 -11"><span class='ocrx_word' id='word_1_47' title='bbox 145 601 262 647; x_wconf 81' lang='lat' dir='ltr'><em>hanc</em></span> <span class='ocrx_word' id='word_1_48' title='bbox 290 601 547 658; x_wconf 82' lang='lat' dir='ltr'>opinionem</span> <span class='ocrx_word' id='word_1_49' title='bbox 578 599 734 656; x_wconf 84' lang='lat' dir='ltr'>adfert,</span> <span class='ocrx_word' id='word_1_50' title='bbox 755 609 914 658; x_wconf 90' lang='lat' dir='ltr'><em>putans</em></span> <span class='ocrx_word' id='word_1_51' title='bbox 934 601 1070 645; x_wconf 88' lang='lat' dir='ltr'><em>verba</em></span> <span class='ocrx_word' id='word_1_52' title='bbox 1092 598 1296 644; x_wconf 82' lang='lat' dir='ltr'><em>carmine</em></span> <span class='ocrx_word' id='word_1_53' title='bbox 1311 601 1356 642; x_wconf 81' lang='lat' dir='ltr'><em>et</em></span> <span class='ocrx_word' id='word_1_54' title='bbox 1377 609 1510 642; x_wconf 86' lang='lat' dir='ltr'><em>arma</em></span> <span class='ocrx_word' id='word_1_55' title='bbox 1531 598 1652 641; x_wconf 87' lang='lat' dir='ltr'><em>dabo</em></span> <span class='ocrx_word' id='word_1_56' title='bbox 1673 597 1869 642; x_wconf 84' lang='lat' dir='ltr'><em>venanti</em></span> 
     </span>
     <span class='ocr_line' id='line_1_9' title="bbox 146 669 1869 728; baseline -0.003 -11"><span class='ocrx_word' id='word_1_57' title='bbox 146 675 193 718; x_wconf 77' lang='lat' dir='ltr'><em>et</em></span> <span class='ocrx_word' id='word_1_58' title='bbox 237 682 493 728; x_wconf 80' lang='lat' dir='ltr'><em>persequar</em></span> <span class='ocrx_word' id='word_1_59' title='bbox 531 672 649 717; x_wconf 78' lang='lat' dir='ltr'><em>artis</em></span> <span class='ocrx_word' id='word_1_60' title='bbox 692 675 712 727; x_wconf 84' lang='lat' dir='ltr'><em>s</em></span> <span class='ocrx_word' id='word_1_61' title='bbox 757 682 992 716; x_wconf 83' lang='lat' dir='ltr'><em>armorum</em></span> <span class='ocrx_word' id='word_1_62' title='bbox 1038 671 1224 716; x_wconf 88' lang='lat' dir='ltr'><em>credere</em></span> <span class='ocrx_word' id='word_1_63' title='bbox 1272 682 1354 714; x_wconf 93' lang='lat' dir='ltr'><em>nos</em></span> <span class='ocrx_word' id='word_1_64' title='bbox 1402 681 1565 727; x_wconf 90' lang='lat' dir='ltr'><em>cogere</em></span> <span class='ocrx_word' id='word_1_65' title='bbox 1611 669 1869 713; x_wconf 83' lang='lat' dir='ltr'><em>secandam</em></span> 
     </span>
     <span class='ocr_line' id='line_1_10' title="bbox 145 738 1866 800; baseline -0.003 -11"><span class='ocrx_word' id='word_1_66' title='bbox 145 742 312 789; x_wconf 65' lang='lat' dir='ltr'><em>librum</em></span> <span class='ocrx_word' id='word_1_67' title='bbox 356 755 584 800; x_wconf 89' lang='lat' dir='ltr'><em>nunquam</em></span> <span class='ocrx_word' id='word_1_68' title='bbox 629 738 850 789; x_wconf 77' lang='lat' dir='ltr'><em>exstitisse</em></span> <span class='ocrx_word' id='word_1_69' title='bbox 882 742 1002 800; x_wconf 91' lang='lat' dir='ltr'><em>quod</em></span> <span class='ocrx_word' id='word_1_70' title='bbox 1033 744 1077 787; x_wconf 91' lang='lat' dir='ltr'><em>in</em></span> <span class='ocrx_word' id='word_1_71' title='bbox 1109 755 1166 787; x_wconf 90' lang='lat' dir='ltr'><em>eo</em></span> <span class='ocrx_word' id='word_1_72' title='bbox 1197 742 1462 799; x_wconf 85' lang='lat' dir='ltr'><em>fragmento,</em></span> <span class='ocrx_word' id='word_1_73' title='bbox 1495 741 1614 798; x_wconf 91' lang='lat' dir='ltr'><em>quod</em></span> <span class='ocrx_word' id='word_1_74' title='bbox 1646 750 1866 798; x_wconf 85' lang='lat' dir='ltr'><strong>superest,</strong></span> 
     </span>
     <span class='ocr_line' id='line_1_11' title="bbox 147 812 1870 875; baseline -0.003 -13"><span class='ocrx_word' id='word_1_75' title='bbox 147 813 384 874; x_wconf 86' lang='lat' dir='ltr'><em>disputatio</em></span> <span class='ocrx_word' id='word_1_76' title='bbox 428 814 486 861; x_wconf 89' lang='lat' dir='ltr'><em>de</em></span> <span class='ocrx_word' id='word_1_77' title='bbox 529 815 676 860; x_wconf 82' lang='lat' dir='ltr'><em>armis</em></span> <span class='ocrx_word' id='word_1_78' title='bbox 712 825 1045 875; x_wconf 9' lang='lat' dir='ltr'><em>&#39;armorumque</em></span> <span class='ocrx_word' id='word_1_79' title='bbox 1089 817 1190 858; x_wconf 86' lang='lat' dir='ltr'><em>arte</em></span> <span class='ocrx_word' id='word_1_80' title='bbox 1236 814 1322 858; x_wconf 90' lang='lat' dir='ltr'><em>iarn</em></span> <span class='ocrx_word' id='word_1_81' title='bbox 1369 813 1425 856; x_wconf 90' lang='lat' dir='ltr'><em>ad</em></span> <span class='ocrx_word' id='word_1_82' title='bbox 1472 812 1605 857; x_wconf 85' lang='lat' dir='ltr'><em>finem</em></span> <span class='ocrx_word' id='word_1_83' title='bbox 1654 812 1870 870; x_wconf 87' lang='lat' dir='ltr'><em>perducta</em></span> 
     </span>
     <span class='ocr_line' id='line_1_12' title="bbox 148 884 1921 944; baseline -0.004 -10"><span class='ocrx_word' id='word_1_84' title='bbox 148 888 218 944; x_wconf 85' lang='lat' dir='ltr'><em>sit,</em></span> <span class='ocrx_word' id='word_1_85' title='bbox 263 887 396 933; x_wconf 80' lang='lat' dir='ltr'><em>etiam</em></span> <span class='ocrx_word' id='word_1_86' title='bbox 443 885 558 932; x_wconf 87' lang='lat' dir='ltr'><em>hanc</em></span> <span class='ocrx_word' id='word_1_87' title='bbox 598 887 658 932; x_wconf 91' lang='lat' dir='ltr'><em>ob</em></span> <span class='ocrx_word' id='word_1_88' title='bbox 699 898 880 932; x_wconf 87' lang='lat' dir='ltr'><em>causam</em></span> <span class='ocrx_word' id='word_1_89' title='bbox 912 886 1077 931; x_wconf 90' lang='lat' dir='ltr'><em>nullam</em></span> <span class='ocrx_word' id='word_1_90' title='bbox 1110 885 1272 930; x_wconf 91' lang='lat' dir='ltr'><em>habent</em></span> <span class='ocrx_word' id='word_1_91' title='bbox 1305 887 1623 936; x_wconf 63' lang='grc' dir='ltr'><em>πειθανάγκην,</em></span> <span class='ocrx_word' id='word_1_92' title='bbox 1656 884 1790 940; x_wconf 90' lang='lat' dir='ltr'><em>quod,</em></span> <span class='ocrx_word' id='word_1_93' title='bbox 1823 893 1869 927; x_wconf 89' lang='lat' dir='ltr'><em>ut</em></span> <span class='ocrx_word' id='word_1_94' title='bbox 1919 896 1921 900; x_wconf 92' lang='lat'>·</span> 
     </span>
     <span class='ocr_line' id='line_1_13' title="bbox 149 953 1872 1013; baseline -0.003 -9"><span class='ocrx_word' id='word_1_95' title='bbox 149 960 194 1004; x_wconf 90' lang='lat' dir='ltr'><em>in</em></span> <span class='ocrx_word' id='word_1_96' title='bbox 240 958 562 1004; x_wconf 87' lang='lat' dir='ltr'><em>commentario</em></span> <span class='ocrx_word' id='word_1_97' title='bbox 607 958 1025 1013; x_wconf 80' lang='lat' dir='ltr'><em>demonstrabimuS‚</em></span> <span class='ocrx_word' id='word_1_98' title='bbox 1074 969 1234 1003; x_wconf 91' lang='lat' dir='ltr'><em>versus</em></span> <span class='ocrx_word' id='word_1_99' title='bbox 1280 969 1366 1013; x_wconf 88' lang='lat' dir='ltr'><em>qua</em></span> <span class='ocrx_word' id='word_1_100' title='bbox 1405 955 1549 1000; x_wconf 83' lang='lat' dir='ltr'><em>forma</em></span> <span class='ocrx_word' id='word_1_101' title='bbox 1580 968 1605 999; x_wconf 89' lang='lat' dir='ltr'><em>a</em></span> <span class='ocrx_word' id='word_1_102' title='bbox 1641 953 1872 1000; x_wconf 89' lang='lat' dir='ltr'><em>Curcione</em></span> 
     </span>
     <span class='ocr_line' id='line_1_14' title="bbox 148 1026 1873 1087; baseline -0.004 -11"><span class='ocrx_word' id='word_1_103' title='bbox 148 1032 320 1087; x_wconf 88' lang='lat' dir='ltr'><em>citatur,</em></span> <span class='ocrx_word' id='word_1_104' title='bbox 367 1041 458 1076; x_wconf 91' lang='lat' dir='ltr'><em>non</em></span> <span class='ocrx_word' id='word_1_105' title='bbox 503 1042 530 1075; x_wconf 88' lang='lat' dir='ltr'><em>a</em></span> <span class='ocrx_word' id='word_1_106' title='bbox 561 1039 693 1087; x_wconf 89' lang='lat' dir='ltr'><em>poeta</em></span> <span class='ocrx_word' id='word_1_107' title='bbox 724 1031 915 1087; x_wconf 90' lang='lat' dir='ltr'><em>scriptus</em></span> <span class='ocrx_word' id='word_1_108' title='bbox 945 1039 1035 1083; x_wconf 88' lang='lat' dir='ltr'><em>est;</em></span> <span class='ocrx_word' id='word_1_109' title='bbox 1069 1041 1214 1086; x_wconf 89' lang='lat' dir='ltr'><em>neque</em></span> <span class='ocrx_word' id='word_1_110' title='bbox 1245 1029 1363 1073; x_wconf 90' lang='lat' dir='ltr'><em>enirn</em></span> <span class='ocrx_word' id='word_1_111' title='bbox 1396 1029 1650 1072; x_wconf 88' lang='lat' dir='ltr'><em>coniectura</em></span> <span class='ocrx_word' id='word_1_112' title='bbox 1680 1026 1873 1070; x_wconf 83' lang='lat' dir='ltr'><em>venanti</em></span> 
     </span>
     <span class='ocr_line' id='line_1_15' title="bbox 149 1098 1874 1161; baseline -0.003 -14"><span class='ocrx_word' id='word_1_113' title='bbox 149 1106 197 1147; x_wconf 81' lang='lat' dir='ltr'><em>et</em></span> <span class='ocrx_word' id='word_1_114' title='bbox 241 1114 326 1161; x_wconf 91' lang='lat' dir='ltr'><em>pro</em></span> <span class='ocrx_word' id='word_1_115' title='bbox 371 1104 418 1146; x_wconf 89' lang='lat' dir='ltr'><em>et</em></span> <span class='ocrx_word' id='word_1_116' title='bbox 460 1101 667 1147; x_wconf 84' lang='lat' dir='ltr'><em>venandi</em></span> <span class='ocrx_word' id='word_1_117' title='bbox 694 1100 784 1146; x_wconf 87' lang='lat' dir='ltr'><em>ullo</em></span> <span class='ocrx_word' id='word_1_118' title='bbox 818 1100 953 1146; x_wconf 91' lang='lat' dir='ltr'><em>modo</em></span> <span class='ocrx_word' id='word_1_119' title='bbox 985 1099 1162 1145; x_wconf 84' lang='lat' dir='ltr'><em>defendi</em></span> <span class='ocrx_word' id='word_1_120' title='bbox 1194 1108 1363 1157; x_wconf 90' lang='lat' dir='ltr'><em>potest;</em></span> <span class='ocrx_word' id='word_1_121' title='bbox 1398 1111 1505 1144; x_wconf 87' lang='lat' dir='ltr'><em>vera</em></span> <span class='ocrx_word' id='word_1_122' title='bbox 1536 1110 1696 1143; x_wconf 91' lang='lat' dir='ltr'><em>versus</em></span> <span class='ocrx_word' id='word_1_123' title='bbox 1726 1098 1874 1142; x_wconf 84' lang='lat' dir='ltr'><em>forma</em></span> 
     </span>
     <span class='ocr_line' id='line_1_16' title="bbox 149 1168 1778 1226; baseline -0.004 -7"><span class='ocrx_word' id='word_1_124' title='bbox 149 1183 246 1220; x_wconf 84' lang='lat' dir='ltr'><em>erat</em></span> <span class='ocrx_word' id='word_1_125' title='bbox 274 1173 386 1219; x_wconf 89' lang='lat' dir='ltr'><em>haec</em></span> <span class='ocrx_word' id='word_1_126' title='bbox 413 1171 619 1218; x_wconf 82' lang='lat' dir='ltr'><em>carmine</em></span> <span class='ocrx_word' id='word_1_127' title='bbox 650 1175 696 1217; x_wconf 86' lang='lat' dir='ltr'><em>et</em></span> <span class='ocrx_word' id='word_1_128' title='bbox 724 1183 858 1217; x_wconf 85' lang='lat' dir='ltr'><em>arma</em></span> <span class='ocrx_word' id='word_1_129' title='bbox 889 1171 1011 1216; x_wconf 86' lang='lat' dir='ltr'><em>dabo</em></span> <span class='ocrx_word' id='word_1_130' title='bbox 1043 1174 1089 1216; x_wconf 85' lang='lat' dir='ltr'><em>et</em></span> <span class='ocrx_word' id='word_1_131' title='bbox 1119 1170 1322 1215; x_wconf 79' lang='lat' dir='ltr'><em>venandi</em></span> <span class='ocrx_word' id='word_1_132' title='bbox 1348 1181 1604 1226; x_wconf 83' lang='lat' dir='ltr'><em>persequar</em></span> <span class='ocrx_word' id='word_1_133' title='bbox 1633 1168 1778 1213; x_wconf 54' lang='lat' dir='ltr'><em>artis:</em></span> 
     </span>
    </p>

    <p class='ocr_par' dir='ltr' id='par_1_5' title="bbox 152 1240 1876 1375">
     <span class='ocr_line' id='line_1_17' title="bbox 213 1240 1876 1304; baseline -0.005 -12"><span class='ocrx_word' id='word_1_134' title='bbox 213 1245 309 1304; x_wconf 89' lang='lat' dir='ltr'><em>Qui</em></span> <span class='ocrx_word' id='word_1_135' title='bbox 324 1254 472 1291; x_wconf 87' lang='lat' dir='ltr'><em>autem</em></span> <span class='ocrx_word' id='word_1_136' title='bbox 488 1245 684 1290; x_wconf 89' lang='lat' dir='ltr'><em>carmina</em></span> <span class='ocrx_word' id='word_1_137' title='bbox 699 1242 898 1301; x_wconf 86' lang='lat' dir='ltr'><em>Oppiani</em></span> <span class='ocrx_word' id='word_1_138' title='bbox 912 1243 1207 1301; x_wconf 88' lang='lat' dir='ltr'><em>Apameensis</em></span> <span class='ocrx_word' id='word_1_139' title='bbox 1221 1243 1336 1300; x_wconf 90' lang='lat' dir='ltr'><em>legit,</em></span> <span class='ocrx_word' id='word_1_140' title='bbox 1349 1243 1474 1288; x_wconf 94' lang='lat' dir='ltr'><em>novit</em></span> <span class='ocrx_word' id='word_1_141' title='bbox 1488 1242 1544 1286; x_wconf 93' lang='lat' dir='ltr'><em>de</em></span> <span class='ocrx_word' id='word_1_142' title='bbox 1557 1245 1657 1286; x_wconf 82' lang='lat' dir='ltr'><em>arte</em></span> <span class='ocrx_word' id='word_1_143' title='bbox 1668 1240 1876 1285; x_wconf 86' lang='lat' dir='ltr'><em>venandi</em></span> 
     </span>
     <span class='ocr_line' id='line_1_18' title="bbox 152 1314 1871 1375; baseline -0.004 -12"><span class='ocrx_word' id='word_1_144' title='bbox 152 1317 291 1363; x_wconf 91' lang='lat' dir='ltr'><em>multo</em></span> <span class='ocrx_word' id='word_1_145' title='bbox 322 1316 450 1375; x_wconf 85' lang='lat' dir='ltr'><em>plura</em></span> <span class='ocrx_word' id='word_1_146' title='bbox 480 1316 566 1361; x_wconf 87' lang='lat' dir='ltr'><em>dici</em></span> <span class='ocrx_word' id='word_1_147' title='bbox 597 1327 732 1373; x_wconf 89' lang='lat' dir='ltr'><em>posse</em></span> <span class='ocrx_word' id='word_1_148' title='bbox 763 1327 897 1372; x_wconf 91' lang='lat' dir='ltr'><em>quam</em></span> <span class='ocrx_word' id='word_1_149' title='bbox 927 1316 974 1359; x_wconf 92' lang='lat' dir='ltr'><em>in</em></span> <span class='ocrx_word' id='word_1_150' title='bbox 1004 1314 1253 1372; x_wconf 85' lang='lat' dir='ltr'><em>fragmento</em></span> <span class='ocrx_word' id='word_1_151' title='bbox 1285 1315 1414 1359; x_wconf 91' lang='lat' dir='ltr'><em>nobis</em></span> <span class='ocrx_word' id='word_1_152' title='bbox 1446 1314 1604 1358; x_wconf 86' lang='lat' dir='ltr'><em>tradito</em></span> <span class='ocrx_word' id='word_1_153' title='bbox 1622 1322 1871 1357; x_wconf 83' lang='lat' dir='ltr'><em>narrentur.</em></span> 
     </span>
    </p>

    <p class='ocr_par' dir='ltr' id='par_1_6' title="bbox 152 1384 1879 1732">
     <span class='ocr_line' id='line_1_19' title="bbox 214 1384 1878 1446; baseline -0.004 -12"><span class='ocrx_word' id='word_1_154' title='bbox 214 1387 376 1446; x_wconf 87' lang='lat' dir='ltr'><em>Neque</em></span> <span class='ocrx_word' id='word_1_155' title='bbox 395 1388 537 1445; x_wconf 85' lang='lat' dir='ltr'><em>igitur</em></span> <span class='ocrx_word' id='word_1_156' title='bbox 567 1385 826 1444; x_wconf 83' lang='lat' dir='ltr'>adstipulari</span> <span class='ocrx_word' id='word_1_157' title='bbox 861 1398 1102 1443; x_wconf 91' lang='lat' dir='ltr'><em>possumus</em></span> <span class='ocrx_word' id='word_1_158' title='bbox 1139 1384 1356 1431; x_wconf 89' lang='lat' dir='ltr'><em>Curcioni</em></span> <span class='ocrx_word' id='word_1_159' title='bbox 1386 1386 1617 1430; x_wconf 89' lang='lat' dir='ltr'><em>scribenti:</em></span> <span class='ocrx_word' id='word_1_160' title='bbox 1640 1385 1692 1434; x_wconf 91' lang='lat' dir='ltr'><em>&lt;il</em></span> <span class='ocrx_word' id='word_1_161' title='bbox 1715 1391 1878 1432; x_wconf 89' lang='lat' dir='ltr'><em>verso&gt;</em></span> 
     </span>
     <span class='ocr_line' id='line_1_20' title="bbox 152 1456 1875 1516; baseline -0.003 -11"><span class='ocrx_word' id='word_1_162' title='bbox 152 1459 213 1505; x_wconf 88' lang='grc'><em>23</em></span> <span class='ocrx_word' id='word_1_163' title='bbox 257 1469 302 1506; x_wconf 88' lang='lat' dir='ltr'><em>et</em></span> <span class='ocrx_word' id='word_1_164' title='bbox 346 1471 549 1505; x_wconf 88' lang='lat' dir='ltr'><em>arma...</em></span> <span class='ocrx_word' id='word_1_165' title='bbox 590 1471 687 1516; x_wconf 88' lang='lat' dir='ltr'><em>sqq.</em></span> <span class='ocrx_word' id='word_1_166' title='bbox 719 1457 900 1503; x_wconf 91' lang='lat' dir='ltr'><em>esclude</em></span> <span class='ocrx_word' id='word_1_167' title='bbox 931 1457 971 1501; x_wconf 92' lang='lat' dir='ltr'><em>la</em></span> <span class='ocrx_word' id='word_1_168' title='bbox 1002 1458 1219 1502; x_wconf 71' lang='lat' dir='ltr'><em>necessita</em></span> <span class='ocrx_word' id='word_1_169' title='bbox 1250 1457 1295 1502; x_wconf 92' lang='lat' dir='ltr'><em>di</em></span> <span class='ocrx_word' id='word_1_170' title='bbox 1326 1469 1517 1514; x_wconf 90' lang='lat' dir='ltr'><em>pensare</em></span> <span class='ocrx_word' id='word_1_171' title='bbox 1548 1457 1604 1501; x_wconf 87' lang='lat' dir='ltr'><em>ad</em></span> <span class='ocrx_word' id='word_1_172' title='bbox 1636 1456 1731 1500; x_wconf 90' lang='lat' dir='ltr'><em>altri</em></span> <span class='ocrx_word' id='word_1_173' title='bbox 1763 1456 1875 1510; x_wconf 90' lang='lat' dir='ltr'><em>libri,</em></span> 
     </span>
     <span class='ocr_line' id='line_1_21' title="bbox 154 1527 1878 1590; baseline -0.003 -13"><span class='ocrx_word' id='word_1_174' title='bbox 154 1533 276 1590; x_wconf 91' lang='lat' dir='ltr'><em>dopo</em></span> <span class='ocrx_word' id='word_1_175' title='bbox 322 1532 350 1576; x_wconf 89' lang='lat' dir='ltr'><em>il</em></span> <span class='ocrx_word' id='word_1_176' title='bbox 397 1531 558 1589; x_wconf 91' lang='lat' dir='ltr'><em>primo,</em></span> <span class='ocrx_word' id='word_1_177' title='bbox 605 1529 785 1588; x_wconf 82' lang='lat' dir='ltr'><em>giacche</em></span> <span class='ocrx_word' id='word_1_178' title='bbox 831 1530 876 1573; x_wconf 88' lang='lat' dir='ltr'><em>in</em></span> <span class='ocrx_word' id='word_1_179' title='bbox 908 1539 1080 1586; x_wconf 90' lang='lat' dir='ltr'><em>questo,</em></span> <span class='ocrx_word' id='word_1_180' title='bbox 1114 1529 1286 1574; x_wconf 90' lang='lat' dir='ltr'><em>benche</em></span> <span class='ocrx_word' id='word_1_181' title='bbox 1319 1540 1492 1584; x_wconf 91' lang='lat' dir='ltr'><em>manco,</em></span> <span class='ocrx_word' id='word_1_182' title='bbox 1524 1529 1551 1572; x_wconf 83' lang='lat' dir='ltr'><em>e</em></span> <span class='ocrx_word' id='word_1_183' title='bbox 1581 1528 1804 1584; x_wconf 89' lang='lat' dir='ltr'><em>compiuta</em></span> <span class='ocrx_word' id='word_1_184' title='bbox 1837 1527 1878 1571; x_wconf 91' lang='lat' dir='ltr'><em>la</em></span> 
     </span>
     <span class='ocr_line' id='line_1_22' title="bbox 155 1598 1879 1653; baseline -0.003 -5"><span class='ocrx_word' id='word_1_185' title='bbox 155 1604 414 1650; x_wconf 88' lang='lat' dir='ltr'><em>trattazione</em></span> <span class='ocrx_word' id='word_1_186' title='bbox 458 1601 572 1647; x_wconf 89' lang='lat' dir='ltr'><em>delle</em></span> <span class='ocrx_word' id='word_1_187' title='bbox 619 1602 731 1646; x_wconf 89' lang='lat' dir='ltr'><em>armi</em></span> <span class='ocrx_word' id='word_1_188' title='bbox 774 1601 846 1646; x_wconf 92' lang='lat' dir='ltr'><em>del</em></span> <span class='ocrx_word' id='word_1_189' title='bbox 892 1601 1150 1653; x_wconf 87' lang='lat' dir='ltr'><em>cacciatore,</em></span> <span class='ocrx_word' id='word_1_190' title='bbox 1198 1612 1223 1644; x_wconf 93' lang='lat' dir='ltr'><em>e</em></span> <span class='ocrx_word' id='word_1_191' title='bbox 1273 1598 1443 1644; x_wconf 86' lang='lat' dir='ltr'><em>Grazio</em></span> <span class='ocrx_word' id='word_1_192' title='bbox 1490 1599 1533 1643; x_wconf 88' lang='lat' dir='ltr'><em>di</em></span> <span class='ocrx_word' id='word_1_193' title='bbox 1574 1599 1708 1643; x_wconf 92' lang='lat' dir='ltr'><em>nient‘</em></span> <span class='ocrx_word' id='word_1_194' title='bbox 1765 1598 1879 1643; x_wconf 89' lang='lat' dir='ltr'><em>altro</em></span> 
     </span>
     <span class='ocr_line' id='line_1_23' title="bbox 156 1672 834 1732; baseline -0.006 -11"><span class='ocrx_word' id='word_1_195' title='bbox 156 1675 192 1721; x_wconf 90' lang='lat' dir='ltr'><em>s‘</em></span> <span class='ocrx_word' id='word_1_196' title='bbox 224 1686 338 1721; x_wconf 86' lang='lat' dir='ltr'><em>avea</em></span> <span class='ocrx_word' id='word_1_197' title='bbox 368 1682 584 1732; x_wconf 90' lang='lat' dir='ltr'><em>proposto</em></span> <span class='ocrx_word' id='word_1_198' title='bbox 615 1672 834 1732; x_wconf 53' lang='lat' dir='ltr'><em>parlare’f.</em></span> 
     </span>
    </p>

    <p class='ocr_par' dir='ltr' id='par_1_7' title="bbox 156 1736 1886 2651">
     <span class='ocr_line' id='line_1_24' title="bbox 220 1736 1877 1803; baseline -0.004 -11"><span class='ocrx_word' id='word_1_199' title='bbox 220 1745 455 1792; x_wconf 87' lang='lat' dir='ltr'><em>Habemus</em></span> <span class='ocrx_word' id='word_1_200' title='bbox 500 1757 611 1803; x_wconf 89' lang='lat' dir='ltr'><em>ergo</em></span> <span class='ocrx_word' id='word_1_201' title='bbox 650 1736 843 1802; x_wconf 87' lang='lat' dir='ltr'><em>primum</em></span> <span class='ocrx_word' id='word_1_202' title='bbox 887 1754 1055 1788; x_wconf 89' lang='lat' dir='ltr'><em>tantum</em></span> <span class='ocrx_word' id='word_1_203' title='bbox 1087 1743 1269 1798; x_wconf 82' lang='lat' dir='ltr'><em>librum3</em></span> <span class='ocrx_word' id='word_1_204' title='bbox 1302 1744 1428 1788; x_wconf 90' lang='lat' dir='ltr'><em>cuius</em></span> <span class='ocrx_word' id='word_1_205' title='bbox 1459 1743 1674 1787; x_wconf 87' lang='lat' dir='ltr'><em>maiorem</em></span> <span class='ocrx_word' id='word_1_206' title='bbox 1706 1751 1877 1799; x_wconf 85' lang='lat' dir='ltr'><em>partem</em></span> 
     </span>
     <span class='ocr_line' id='line_1_25' title="bbox 156 1815 1355 1876; baseline -0.004 -13"><span class='ocrx_word' id='word_1_207' title='bbox 156 1829 394 1876; x_wconf 86' lang='lat' dir='ltr'><em>superesse</em></span> <span class='ocrx_word' id='word_1_208' title='bbox 423 1817 555 1862; x_wconf 90' lang='lat' dir='ltr'><em>docet</em></span> <span class='ocrx_word' id='word_1_209' title='bbox 585 1828 801 1861; x_wconf 90' lang='lat' dir='ltr'><em>numerus</em></span> <span class='ocrx_word' id='word_1_210' title='bbox 832 1827 1045 1860; x_wconf 88' lang='lat' dir='ltr'><em>versuum</em></span> <span class='ocrx_word' id='word_1_211' title='bbox 1078 1815 1355 1859; x_wconf 89' lang='lat' dir='ltr'><em>traditorum.</em></span> 
     </span>
     <span class='ocr_line' id='line_1_26' title="bbox 158 1886 1878 1945; baseline -0.003 -10"><span class='ocrx_word' id='word_1_212' title='bbox 158 1909 163 1912; x_wconf 96' lang='lat'>·</span> <span class='ocrx_word' id='word_1_213' title='bbox 218 1889 290 1935; x_wconf 91' lang='lat' dir='ltr'><em>De</em></span> <span class='ocrx_word' id='word_1_214' title='bbox 339 1887 503 1934; x_wconf 88' lang='lat' dir='ltr'><em>Grattii</em></span> <span class='ocrx_word' id='word_1_215' title='bbox 534 1899 673 1945; x_wconf 88' lang='lat' dir='ltr'><em>opere</em></span> <span class='ocrx_word' id='word_1_216' title='bbox 705 1887 990 1932; x_wconf 88' lang='lat' dir='ltr'><em>volventibus</em></span> <span class='ocrx_word' id='word_1_217' title='bbox 1021 1888 1149 1931; x_wconf 90' lang='lat' dir='ltr'><em>annis</em></span> <span class='ocrx_word' id='word_1_218' title='bbox 1180 1886 1486 1932; x_wconf 91' lang='lat' dir='ltr'><em>diversissime</em></span> <span class='ocrx_word' id='word_1_219' title='bbox 1516 1886 1755 1930; x_wconf 89' lang='lat' dir='ltr'><em>iudicatum</em></span> <span class='ocrx_word' id='word_1_220' title='bbox 1787 1895 1878 1939; x_wconf 88' lang='lat' dir='ltr'><em>est;</em></span> 
     </span>
     <span class='ocr_line' id='line_1_27' title="bbox 157 1956 1881 2018; baseline -0.003 -12"><span class='ocrx_word' id='word_1_221' title='bbox 157 1962 263 2007; x_wconf 89' lang='lat' dir='ltr'><em>olim</em></span> <span class='ocrx_word' id='word_1_222' title='bbox 310 1960 458 2018; x_wconf 88' lang='lat' dir='ltr'><em>magni</em></span> <span class='ocrx_word' id='word_1_223' title='bbox 502 1958 631 2004; x_wconf 84' lang='lat' dir='ltr'><em>flebat</em></span> <span class='ocrx_word' id='word_1_224' title='bbox 671 1970 697 2003; x_wconf 91' lang='lat' dir='ltr'><em>a</em></span> <span class='ocrx_word' id='word_1_225' title='bbox 738 1958 987 2015; x_wconf 89' lang='lat' dir='ltr'><em>philologis,</em></span> <span class='ocrx_word' id='word_1_226' title='bbox 1019 1958 1173 2015; x_wconf 90' lang='lat' dir='ltr'><em>quales</em></span> <span class='ocrx_word' id='word_1_227' title='bbox 1203 1967 1306 2002; x_wconf 91' lang='lat' dir='ltr'><em>sunt</em></span> <span class='ocrx_word' id='word_1_228' title='bbox 1340 1958 1555 2003; x_wconf 89' lang='lat' dir='ltr'><em>Nicolaus</em></span> <span class='ocrx_word' id='word_1_229' title='bbox 1591 1956 1805 2002; x_wconf 87' lang='lat' dir='ltr'><em>Heinsius</em></span> <span class='ocrx_word' id='word_1_230' title='bbox 1836 1966 1881 2001; x_wconf 88' lang='lat' dir='ltr'><em>et</em></span> 
     </span>
     <span class='ocr_line' id='line_1_28' title="bbox 158 2029 1879 2087; baseline -0.003 -9"><span class='ocrx_word' id='word_1_231' title='bbox 158 2031 497 2087; x_wconf 87' lang='lat' dir='ltr'><em>Broukhusius;</em></span> <span class='ocrx_word' id='word_1_232' title='bbox 550 2030 696 2086; x_wconf 92' lang='lat' dir='ltr'><em>hodie,</em></span> <span class='ocrx_word' id='word_1_233' title='bbox 753 2039 801 2074; x_wconf 90' lang='lat' dir='ltr'><em>ut</em></span> <span class='ocrx_word' id='word_1_234' title='bbox 843 2030 977 2074; x_wconf 90' lang='lat' dir='ltr'><em>multa</em></span> <span class='ocrx_word' id='word_1_235' title='bbox 1025 2041 1164 2086; x_wconf 88' lang='lat' dir='ltr'><em>opera</em></span> <span class='ocrx_word' id='word_1_236' title='bbox 1213 2029 1535 2085; x_wconf 87' lang='lat' dir='ltr'><em>Romanorum,</em></span> <span class='ocrx_word' id='word_1_237' title='bbox 1582 2030 1879 2074; x_wconf 86' lang='lat' dir='ltr'><em>contemnitur</em></span> 
     </span>
     <span class='ocr_line' id='line_1_29' title="bbox 158 2101 1879 2163; baseline -0.003 -13"><span class='ocrx_word' id='word_1_238' title='bbox 158 2105 291 2163; x_wconf 87' lang='lat' dir='ltr'><em>idque</em></span> <span class='ocrx_word' id='word_1_239' title='bbox 321 2116 413 2149; x_wconf 90' lang='lat' dir='ltr'><em>non</em></span> <span class='ocrx_word' id='word_1_240' title='bbox 442 2103 588 2148; x_wconf 88' lang='lat' dir='ltr'><em>solum</em></span> <span class='ocrx_word' id='word_1_241' title='bbox 620 2103 676 2147; x_wconf 90' lang='lat' dir='ltr'><em>ab</em></span> <span class='ocrx_word' id='word_1_242' title='bbox 706 2103 759 2147; x_wconf 90' lang='lat' dir='ltr'><em>iis</em></span> <span class='ocrx_word' id='word_1_243' title='bbox 790 2102 950 2146; x_wconf 88' lang='lat' dir='ltr'><em>criticis</em></span> <span class='ocrx_word' id='word_1_244' title='bbox 981 2103 1070 2159; x_wconf 90' lang='lat' dir='ltr'><em>qui,</em></span> <span class='ocrx_word' id='word_1_245' title='bbox 1102 2101 1315 2158; x_wconf 90' lang='lat' dir='ltr'><em>quidquid</em></span> <span class='ocrx_word' id='word_1_246' title='bbox 1352 2114 1376 2146; x_wconf 92' lang='lat' dir='ltr'><em>a</em></span> <span class='ocrx_word' id='word_1_247' title='bbox 1414 2101 1630 2146; x_wconf 86' lang='lat' dir='ltr'><em>Romanis</em></span> <span class='ocrx_word' id='word_1_248' title='bbox 1665 2103 1879 2158; x_wconf 89' lang='lat' dir='ltr'><em>scriptum</em></span> 
     </span>
     <span class='ocr_line' id='line_1_30' title="bbox 159 2173 1884 2233; baseline -0.003 -11"><span class='ocrx_word' id='word_1_249' title='bbox 159 2186 240 2231; x_wconf 88' lang='lat' dir='ltr'><em>est,</em></span> <span class='ocrx_word' id='word_1_250' title='bbox 277 2184 492 2233; x_wconf 86' lang='lat' dir='ltr'><em>spernunt</em></span> <span class='ocrx_word' id='word_1_251' title='bbox 531 2175 745 2231; x_wconf 88' lang='lat' dir='ltr'><em>parvique</em></span> <span class='ocrx_word' id='word_1_252' title='bbox 775 2173 954 2228; x_wconf 86' lang='lat' dir='ltr'><em>faciunt,</em></span> <span class='ocrx_word' id='word_1_253' title='bbox 986 2173 1066 2218; x_wconf 92' lang='lat' dir='ltr'><em>sed</em></span> <span class='ocrx_word' id='word_1_254' title='bbox 1097 2174 1227 2218; x_wconf 88' lang='lat' dir='ltr'><em>etiam</em></span> <span class='ocrx_word' id='word_1_255' title='bbox 1260 2174 1315 2218; x_wconf 87' lang='lat' dir='ltr'><em>ab</em></span> <span class='ocrx_word' id='word_1_256' title='bbox 1347 2174 1453 2217; x_wconf 91' lang='lat' dir='ltr'><em>artis</em></span> <span class='ocrx_word' id='word_1_257' title='bbox 1486 2173 1717 2218; x_wconf 86' lang='lat' dir='ltr'><em>Romanae</em></span> <span class='ocrx_word' id='word_1_258' title='bbox 1747 2173 1884 2217; x_wconf 86' lang='lat' dir='ltr'><em>admi-</em></span> 
     </span>
     <span class='ocr_line' id='line_1_31' title="bbox 161 2243 1881 2302; baseline -0.003 -9"><span class='ocrx_word' id='word_1_259' title='bbox 161 2249 393 2293; x_wconf 86' lang='lat' dir='ltr'><em>ratoribus.</em></span> <span class='ocrx_word' id='word_1_260' title='bbox 457 2245 571 2291; x_wconf 88' lang='lat' dir='ltr'><em>Tres</em></span> <span class='ocrx_word' id='word_1_261' title='bbox 619 2256 764 2290; x_wconf 92' lang='lat' dir='ltr'><em>tamen</em></span> <span class='ocrx_word' id='word_1_262' title='bbox 814 2245 1064 2302; x_wconf 87' lang='lat' dir='ltr'><em>philologos</em></span> <span class='ocrx_word' id='word_1_263' title='bbox 1108 2247 1285 2302; x_wconf 89' lang='lat' dir='ltr'><em>excipio</em></span> <span class='ocrx_word' id='word_1_264' title='bbox 1331 2244 1575 2290; x_wconf 86' lang='lat' dir='ltr'><em>hodiernos</em></span> <span class='ocrx_word' id='word_1_265' title='bbox 1607 2243 1881 2288; x_wconf 82' lang='lat' dir='ltr'><em>Plessisium</em></span> 
     </span>
     <span class='ocr_line' id='line_1_32' title="bbox 162 2315 1883 2376; baseline -0.003 -11"><span class='ocrx_word' id='word_1_266' title='bbox 162 2319 535 2376; x_wconf 84' lang='lat' dir='ltr'><em>elegantissimum</em></span> <span class='ocrx_word' id='word_1_267' title='bbox 591 2318 856 2374; x_wconf 89' lang='lat' dir='ltr'><em>scriptorem</em></span> <span class='ocrx_word' id='word_1_268' title='bbox 913 2317 1010 2361; x_wconf 90' lang='lat' dir='ltr'><em>libri</em></span> <span class='ocrx_word' id='word_1_269' title='bbox 1065 2316 1350 2374; x_wconf 90' lang='lat' dir='ltr'><em>pulcherrimi</em></span> <span class='ocrx_word' id='word_1_270' title='bbox 1401 2316 1467 2371; x_wconf 86' lang='lat' dir='ltr'><em>„la</em></span> <span class='ocrx_word' id='word_1_271' title='bbox 1515 2315 1677 2361; x_wconf 78' lang='lat' dir='ltr'><em>poesie</em></span> <span class='ocrx_word' id='word_1_272' title='bbox 1721 2316 1883 2360; x_wconf 90' lang='lat' dir='ltr'><em>latine”</em></span> 
     </span>
     <span class='ocr_line' id='line_1_33' title="bbox 169 2386 1882 2446; baseline -0.003 -11"><span class='ocrx_word' id='word_1_273' title='bbox 169 2390 438 2436; x_wconf 85' lang='lat' dir='ltr'><em>Vollmeram</em></span> <span class='ocrx_word' id='word_1_274' title='bbox 482 2389 764 2446; x_wconf 89' lang='lat' dir='ltr'><em>ingeniosum</em></span> <span class='ocrx_word' id='word_1_275' title='bbox 813 2386 975 2433; x_wconf 88' lang='lat' dir='ltr'><em>Grattii</em></span> <span class='ocrx_word' id='word_1_276' title='bbox 1009 2388 1241 2443; x_wconf 91' lang='lat' dir='ltr'><em>editorem,</em></span> <span class='ocrx_word' id='word_1_277' title='bbox 1284 2387 1537 2433; x_wconf 87' lang='lat' dir='ltr'><em>Henricam</em></span> <span class='ocrx_word' id='word_1_278' title='bbox 1570 2386 1882 2441; x_wconf 83' lang='lat' dir='ltr'><em>Schenklium,</em></span> 
     </span>
     <span class='ocr_line' id='line_1_34' title="bbox 163 2458 1886 2518; baseline -0.003 -11"><span class='ocrx_word' id='word_1_279' title='bbox 163 2463 290 2508; x_wconf 90' lang='lat' dir='ltr'><em>cuius</em></span> <span class='ocrx_word' id='word_1_280' title='bbox 335 2461 557 2518; x_wconf 86' lang='lat' dir='ltr'><em>sagacitati</em></span> <span class='ocrx_word' id='word_1_281' title='bbox 599 2470 642 2504; x_wconf 91' lang='lat' dir='ltr'><em>et</em></span> <span class='ocrx_word' id='word_1_282' title='bbox 673 2460 900 2505; x_wconf 86' lang='lat' dir='ltr'><em>doctrinae</em></span> <span class='ocrx_word' id='word_1_283' title='bbox 931 2469 1062 2517; x_wconf 89' lang='lat' dir='ltr'><em>poeta</em></span> <span class='ocrx_word' id='word_1_284' title='bbox 1094 2469 1248 2504; x_wconf 91' lang='lat' dir='ltr'><em>noster</em></span> <span class='ocrx_word' id='word_1_285' title='bbox 1279 2470 1367 2504; x_wconf 91' lang='lat' dir='ltr'><em>tam</em></span> <span class='ocrx_word' id='word_1_286' title='bbox 1399 2459 1535 2504; x_wconf 89' lang='lat' dir='ltr'><em>multa</em></span> <span class='ocrx_word' id='word_1_287' title='bbox 1567 2459 1711 2504; x_wconf 92' lang='lat' dir='ltr'><em>debet.</em></span> <span class='ocrx_word' id='word_1_288' title='bbox 1766 2458 1886 2503; x_wconf 91' lang='lat' dir='ltr'><em>lnter</em></span> 
     </span>
     <span class='ocr_line' id='line_1_35' title="bbox 162 2530 1883 2589; baseline -0.003 -10"><span class='ocrx_word' id='word_1_289' title='bbox 162 2534 414 2579; x_wconf 88' lang='lat' dir='ltr'><em>laudatores</em></span> <span class='ocrx_word' id='word_1_290' title='bbox 461 2541 619 2589; x_wconf 89' lang='lat' dir='ltr'><em>poetae</em></span> <span class='ocrx_word' id='word_1_291' title='bbox 665 2531 963 2576; x_wconf 89' lang='lat' dir='ltr'><em>nominandus</em></span> <span class='ocrx_word' id='word_1_292' title='bbox 1009 2541 1076 2576; x_wconf 92' lang='lat' dir='ltr'><em>est</em></span> <span class='ocrx_word' id='word_1_293' title='bbox 1121 2533 1254 2577; x_wconf 89' lang='lat' dir='ltr'><em>etiam</em></span> <span class='ocrx_word' id='word_1_294' title='bbox 1303 2545 1345 2577; x_wconf 91' lang='lat' dir='ltr'><em>v.</em></span> <span class='ocrx_word' id='word_1_295' title='bbox 1393 2532 1435 2576; x_wconf 91' lang='lat' dir='ltr'><em>d.</em></span> <span class='ocrx_word' id='word_1_296' title='bbox 1469 2531 1583 2575; x_wconf 90' lang='lat' dir='ltr'><em>Max</em></span> <span class='ocrx_word' id='word_1_297' title='bbox 1615 2530 1780 2586; x_wconf 87' lang='lat' dir='ltr'><em>Miller,</em></span> <span class='ocrx_word' id='word_1_298' title='bbox 1812 2531 1883 2574; x_wconf 90' lang='lat' dir='ltr'><em>cui</em></span> 
     </span>
     <span class='ocr_line' id='line_1_36' title="bbox 163 2603 1357 2651; baseline -0.003 0"><span class='ocrx_word' id='word_1_299' title='bbox 163 2606 378 2651; x_wconf 87' lang='lat' dir='ltr'><em>debemus</em></span> <span class='ocrx_word' id='word_1_300' title='bbox 408 2604 717 2648; x_wconf 89' lang='lat' dir='ltr'><em>nitidissimum</em></span> <span class='ocrx_word' id='word_1_301' title='bbox 749 2603 806 2647; x_wconf 90' lang='lat' dir='ltr'><em>de</em></span> <span class='ocrx_word' id='word_1_302' title='bbox 837 2615 887 2648; x_wconf 88' lang='lat' dir='ltr'><em>re</em></span> <span class='ocrx_word' id='word_1_303' title='bbox 920 2604 1120 2648; x_wconf 88' lang='lat' dir='ltr'><em>venatica</em></span> <span class='ocrx_word' id='word_1_304' title='bbox 1150 2603 1357 2648; x_wconf 91' lang='lat' dir='ltr'><em>libellum.</em></span> 
     </span>
    </p>

    <p class='ocr_par' dir='ltr' id='par_1_8' title="bbox 163 2674 1886 2882">
     <span class='ocr_line' id='line_1_37' title="bbox 227 2674 1886 2732; baseline -0.004 -10"><span class='ocrx_word' id='word_1_305' title='bbox 227 2674 347 2722; x_wconf 91' lang='lat' dir='ltr'><em>Cum</em></span> <span class='ocrx_word' id='word_1_306' title='bbox 394 2676 526 2732; x_wconf 90' lang='lat' dir='ltr'><em>igitur</em></span> <span class='ocrx_word' id='word_1_307' title='bbox 556 2675 765 2718; x_wconf 90' lang='lat' dir='ltr'><em>iudicium</em></span> <span class='ocrx_word' id='word_1_308' title='bbox 797 2674 854 2719; x_wconf 92' lang='lat' dir='ltr'><em>de</em></span> <span class='ocrx_word' id='word_1_309' title='bbox 885 2684 1029 2731; x_wconf 87' lang='lat' dir='ltr'><em>poeta,</em></span> <span class='ocrx_word' id='word_1_310' title='bbox 1065 2688 1198 2732; x_wconf 89' lang='lat' dir='ltr'><em>quem</em></span> <span class='ocrx_word' id='word_1_311' title='bbox 1231 2675 1560 2732; x_wconf 89' lang='lat' dir='ltr'><em>interpretaturi</em></span> <span class='ocrx_word' id='word_1_312' title='bbox 1592 2686 1760 2728; x_wconf 91' lang='lat' dir='ltr'><em>sumus,</em></span> <span class='ocrx_word' id='word_1_313' title='bbox 1794 2682 1886 2717; x_wconf 89' lang='lat' dir='ltr'><em>tan·</em></span> 
     </span>
     <span class='ocr_line' id='line_1_38' title="bbox 163 2745 1886 2806; baseline -0.004 -12"><span class='ocrx_word' id='word_1_314' title='bbox 163 2758 319 2806; x_wconf 88' lang='lat' dir='ltr'><em>topere</em></span> <span class='ocrx_word' id='word_1_315' title='bbox 366 2747 550 2801; x_wconf 90' lang='lat' dir='ltr'><em>vacillet,</em></span> <span class='ocrx_word' id='word_1_316' title='bbox 598 2748 694 2790; x_wconf 87' lang='lat' dir='ltr'><em>iure</em></span> <span class='ocrx_word' id='word_1_317' title='bbox 743 2759 766 2790; x_wconf 91' lang='lat' dir='ltr'><em>a</em></span> <span class='ocrx_word' id='word_1_318' title='bbox 813 2758 935 2792; x_wconf 94' lang='lat' dir='ltr'><em>novo</em></span> <span class='ocrx_word' id='word_1_319' title='bbox 981 2747 1151 2791; x_wconf 89' lang='lat' dir='ltr'><em>editore</em></span> <span class='ocrx_word' id='word_1_320' title='bbox 1197 2756 1431 2803; x_wconf 89' lang='lat' dir='ltr'><em>exspectes</em></span> <span class='ocrx_word' id='word_1_321' title='bbox 1467 2758 1570 2790; x_wconf 91' lang='lat' dir='ltr'><em>eum</em></span> <span class='ocrx_word' id='word_1_322' title='bbox 1602 2755 1738 2790; x_wconf 90' lang='lat' dir='ltr'><em>totam</em></span> <span class='ocrx_word' id='word_1_323' title='bbox 1771 2745 1886 2788; x_wconf 89' lang='lat' dir='ltr'><em>hanc</em></span> 
     </span>
     <span class='ocr_line' id='line_1_39' title="bbox 165 2815 1885 2882; baseline -0.004 -17"><span class='ocrx_word' id='word_1_324' title='bbox 165 2831 262 2865; x_wconf 87' lang='lat' dir='ltr'><em>rem</em></span> <span class='ocrx_word' id='word_1_325' title='bbox 303 2820 451 2864; x_wconf 90' lang='lat' dir='ltr'><em>denuo</em></span> <span class='ocrx_word' id='word_1_326' title='bbox 492 2819 717 2876; x_wconf 87' lang='lat' dir='ltr'><em>indagare.</em></span> <span class='ocrx_word' id='word_1_327' title='bbox 753 2818 1020 2875; x_wconf 90' lang='lat' dir='ltr'><em>Incipiamus</em></span> <span class='ocrx_word' id='word_1_328' title='bbox 1052 2819 1215 2876; x_wconf 89' lang='lat' dir='ltr'><em>aliquot</em></span> <span class='ocrx_word' id='word_1_329' title='bbox 1247 2818 1303 2862; x_wconf 91' lang='lat' dir='ltr'><em>de</em></span> <span class='ocrx_word' id='word_1_330' title='bbox 1338 2816 1517 2882; x_wconf 80' lang='lat' dir='ltr'><em>Grattio</em></span> <span class='ocrx_word' id='word_1_331' title='bbox 1548 2818 1682 2862; x_wconf 90' lang='lat' dir='ltr'><em>citare</em></span> <span class='ocrx_word' id='word_1_332' title='bbox 1713 2815 1885 2859; x_wconf 86' lang='lat' dir='ltr'><em>iudicia.</em></span> 
     </span>
    </p>
   </div>
   <div class='ocr_carea' id='block_1_5' title="bbox 168 2957 1892 3234">
    <p class='ocr_par' dir='ltr' id='par_1_9' title="bbox 168 2957 1892 3234">
     <span class='ocr_line' id='line_1_40' title="bbox 228 2957 1888 3018; baseline -0.003 -12"><span class='ocrx_word' id='word_1_333' title='bbox 228 2962 311 3007; x_wconf 80' lang='lat' dir='ltr'><em>Iul.</em></span> <span class='ocrx_word' id='word_1_334' title='bbox 360 2962 493 3007; x_wconf 86' lang='lat' dir='ltr'><em>Caes.</em></span> <span class='ocrx_word' id='word_1_335' title='bbox 542 2961 750 3017; x_wconf 85' lang='lat' dir='ltr'><em>Scaliger</em></span> <span class='ocrx_word' id='word_1_336' title='bbox 795 2960 1143 3018; x_wconf 87' lang='lat'>(1484—1558),</span> <span class='ocrx_word' id='word_1_337' title='bbox 1195 2960 1441 3018; x_wconf 88' lang='lat' dir='ltr'><em>Hypercrit</em></span> <span class='ocrx_word' id='word_1_338' title='bbox 1483 2972 1520 3005; x_wconf 89' lang='lat' dir='ltr'><em>c.</em></span> <span class='ocrx_word' id='word_1_339' title='bbox 1553 2959 1596 3004; x_wconf 88' lang='lat'><em>7.</em></span> <span class='ocrx_word' id='word_1_340' title='bbox 1644 2957 1764 3004; x_wconf 90' lang='lat' dir='ltr'><em>Cum</em></span> <span class='ocrx_word' id='word_1_341' title='bbox 1795 2957 1888 3002; x_wconf 92' lang='lat' dir='ltr'><em>duo</em></span> 
     </span>
     <span class='ocr_line' id='line_1_41' title="bbox 168 3029 1888 3091; baseline -0.003 -13"><span class='ocrx_word' id='word_1_342' title='bbox 168 3033 404 3090; x_wconf 86' lang='lat' dir='ltr'><em>elegantes</em></span> <span class='ocrx_word' id='word_1_343' title='bbox 444 3043 602 3091; x_wconf 90' lang='lat' dir='ltr'><em>poetae</em></span> <span class='ocrx_word' id='word_1_344' title='bbox 644 3034 891 3079; x_wconf 88' lang='lat' dir='ltr'><em>venationis</em></span> <span class='ocrx_word' id='word_1_345' title='bbox 924 3044 1160 3091; x_wconf 87' lang='lat' dir='ltr'><em>praecepta</em></span> <span class='ocrx_word' id='word_1_346' title='bbox 1193 3043 1398 3091; x_wconf 89' lang='lat' dir='ltr'><em>poemate</em></span> <span class='ocrx_word' id='word_1_347' title='bbox 1430 3033 1667 3086; x_wconf 85' lang='lat' dir='ltr'><em>tractarint,</em></span> <span class='ocrx_word' id='word_1_348' title='bbox 1703 3029 1888 3075; x_wconf 89' lang='lat' dir='ltr'><em>Gratius</em></span> 
     </span>
     <span class='ocr_line' id='line_1_42' title="bbox 169 3102 1887 3159; baseline -0.002 -10"><span class='ocrx_word' id='word_1_349' title='bbox 169 3114 211 3149; x_wconf 90' lang='lat' dir='ltr'><em>et</em></span> <span class='ocrx_word' id='word_1_350' title='bbox 260 3103 571 3159; x_wconf 89' lang='lat' dir='ltr'><em>Nemesianus,</em></span> <span class='ocrx_word' id='word_1_351' title='bbox 619 3105 728 3149; x_wconf 87' lang='lat' dir='ltr'><em>alter</em></span> <span class='ocrx_word' id='word_1_352' title='bbox 774 3105 952 3150; x_wconf 89' lang='lat' dir='ltr'><em>alterius</em></span> <span class='ocrx_word' id='word_1_353' title='bbox 1000 3113 1073 3149; x_wconf 93' lang='lat' dir='ltr'><em>aut</em></span> <span class='ocrx_word' id='word_1_354' title='bbox 1120 3105 1222 3148; x_wconf 91' lang='lat' dir='ltr'><em>lima</em></span> <span class='ocrx_word' id='word_1_355' title='bbox 1270 3114 1344 3149; x_wconf 90' lang='lat' dir='ltr'><em>aut</em></span> <span class='ocrx_word' id='word_1_356' title='bbox 1389 3116 1552 3149; x_wconf 89' lang='lat' dir='ltr'><em>censor</em></span> <span class='ocrx_word' id='word_1_357' title='bbox 1581 3114 1682 3147; x_wconf 92' lang='lat' dir='ltr'><em>esse</em></span> <span class='ocrx_word' id='word_1_358' title='bbox 1715 3102 1887 3158; x_wconf 87' lang='lat' dir='ltr'><em>poterit.</em></span> 
     </span>
     <span class='ocr_line' id='line_1_43' title="bbox 170 3174 1892 3234; baseline -0.002 -14"><span class='ocrx_word' id='word_1_359' title='bbox 170 3175 306 3234; x_wconf 87' lang='lat' dir='ltr'><em>Igitur</em></span> <span class='ocrx_word' id='word_1_360' title='bbox 356 3174 611 3222; x_wconf 85' lang='lat' dir='ltr'><em>Nemesiani</em></span> <span class='ocrx_word' id='word_1_361' title='bbox 658 3177 782 3221; x_wconf 89' lang='lat' dir='ltr'><em>stilus</em></span> <span class='ocrx_word' id='word_1_362' title='bbox 830 3177 1056 3232; x_wconf 88' lang='lat' dir='ltr'><em>candidus,</em></span> <span class='ocrx_word' id='word_1_363' title='bbox 1106 3188 1187 3222; x_wconf 88' lang='lat' dir='ltr'><em>nec</em></span> <span class='ocrx_word' id='word_1_364' title='bbox 1220 3177 1404 3234; x_wconf 88' lang='lat' dir='ltr'><em>vulgare</em></span> <span class='ocrx_word' id='word_1_365' title='bbox 1436 3188 1625 3221; x_wconf 88' lang='lat' dir='ltr'><em>sonans:</em></span> <span class='ocrx_word' id='word_1_366' title='bbox 1659 3182 1892 3231; x_wconf 87' lang='lat' dir='ltr'><em>praeterea</em></span> 
     </span>
    </p>
   </div>
  </div>
 </body>
</html>
