2210 3568
1006 235 1089 281 109

180 380 314 415 suum
343 375 600 421 eonvertat3
632 365 732 411 loco
762 367 883 411 enim
914 367 1044 412 citato
1077 379 1167 412 non
1198 379 1265 413 est
1295 381 1447 415 sermo
1478 370 1534 415 de
1566 370 1710 415 bubus
1740 371 1900 416 morbo

181 438 331 496 aliquo
360 439 498 494 tactis,
519 436 600 483 sed
623 435 814 482 Veneris
828 437 1016 482 stimulis
1032 441 1262 496 correptis.
1297 440 1438 485 Etiam
1454 441 1696 486 avertendi
1711 441 1900 487 verbum

63 490 67 498 ’
157 505 388 554 'Grattius
434 519 460 552 a
508 507 699 553 Marone
746 516 970 552 mutuatur
1021 506 1193 567 Georg.
1235 509 1311 554 111.
1344 510 1535 566 209slo:
1567 512 1652 557 sed
1683 523 1776 557 non
1807 512 1902 557 ulla

182 578 338 635 magis
364 577 482 623 viris
513 578 746 624 industria
769 578 947 636 firmat,
978 583 999 634 s
1029 590 1169 635 quam
1208 581 1421 627 Venerem
1453 586 1499 627 et
1529 583 1656 628 caeci
1686 583 1902 628 stimulos

181 651 391 695 avertere
434 651 626 696 amoris.
691 648 979 707 Quamquam
1010 652 1142 708 igitur
1174 653 1439 698 vocabulum
1472 667 1609 699 unum
1641 663 1684 700 et
1715 655 1901 700 alterum

183 732 243 767 ex
291 720 488 778 Vergilio
534 722 693 777 haurit,
739 723 848 767 novi
894 731 1041 767 tamen
1088 722 1250 780 aliquid
1294 734 1456 768 narrat.
1522 724 1705 783 Optime
1755 735 1902 771 autem

181 791 423 838 avertendi
466 794 655 838 verbum
697 793 753 838 de
784 792 980 838 fontibus
1011 803 1084 838 aut
1117 794 1370 840 fluminibus
1402 795 1647 852 adhibetur,
1681 797 1734 842 cf.
1771 796 1904 842 Clau·

179 863 300 909 dian.
363 864 420 910 de
483 863 547 909 IV
599 865 813 911 consulat.
870 865 1049 911 Honor.
1102 865 1191 911 482
1242 867 1445 911 iusserat
1494 879 1661 913 averso
1702 868 1903 926 fluvium

183 934 384 992 migrare
414 938 585 981 meatu.

184 999 186 1003 ’
247 1003 380 1063 Quae
412 1017 563 1053 narrat
597 1006 815 1064 Grattius,
846 1010 977 1054 etiam
1010 1009 1127 1067 apud
1163 1007 1460 1055 Columellam
1492 1011 1698 1068 leguntur
1729 1010 1828 1056 Vll.
1860 1010 1902 1055 5.

181 1077 229 1122 si
258 1080 470 1134 aegrotat
500 1079 767 1124 universum
793 1092 989 1136 pecus..
1007 1114 1018 1125 .
1055 1080 1231 1137 pabula
1262 1084 1492 1126 mutemus
1531 1084 1577 1126 et
1613 1080 1903 1138 aquationes,

185 1148 422 1206 totiusque
467 1150 670 1207 regionis
716 1151 862 1196 alium
908 1163 1190 1208 quaeramus
1219 1155 1395 1197 statum
1426 1153 1557 1206 caeli,
1590 1164 1904 1209 ememusque,

182 1219 230 1266 si
276 1231 336 1266 ex
363 1220 519 1266 calore
548 1225 595 1267 et
624 1225 762 1267 aestu
798 1226 1016 1280 concepta
1043 1224 1194 1280 pestis
1226 1223 1414 1280 invasit,
1448 1228 1498 1269 ut
1527 1235 1676 1282 opaca
1707 1235 1830 1279 rura,
1861 1224 1906 1269 si

184 1290 362 1338 invasit
397 1290 596 1350 frigore,
645 1297 695 1339 ut
724 1294 960 1351 eligantur
985 1294 1160 1351 aprica.

195 1462 199 1466 .
245 1422 349 1468 379.
409 1421 560 1469 ficta:
593 1433 687 1470 arte
717 1423 846 1481 facta,
878 1424 1126 1471 artificiosa.

246 1554 352 1599 380.
413 1556 470 1600 et
515 1557 704 1601 nostra
751 1556 972 1612 quidam
1018 1557 1157 1602 redit
1188 1560 1421 1602 usus-ab
1452 1559 1590 1602 arte:
1627 1557 1817 1613 quidam
1849 1577 1904 1595 =

185 1625 381 1683 aliquis,
424 1639 559 1684 quam
607 1629 698 1673 vim
745 1629 788 1672 in
837 1630 1086 1686 posteriore
1133 1628 1365 1673 Latinitate
1395 1629 1656 1686 saepissime
1687 1629 1832 1683 habet,
1864 1638 1906 1673 et

185 1697 305 1755 apud
351 1697 465 1743 alios
510 1709 554 1744 et
601 1700 719 1757 apud
767 1699 1066 1755 Ammianum‚
1113 1699 1168 1745 cf.
1221 1699 1423 1757 „Syntax
1465 1701 1555 1744 und
1598 1699 1783 1745 Stilistik
1816 1712 1906 1745 von

187 1767 398 1815 Schmalz
421 1770 485 1825 θ’,
519 1783 562 1828 p.
595 1769 698 1815 626.

244 1851 396 1886 usus:
442 1842 615 1897 utilitaS,
646 1841 701 1887 cf.
734 1853 871 1900 supra
902 1855 971 1887 vs,
1002 1842 1063 1887 89
1097 1841 1237 1888 Ovid.
1272 1841 1381 1887 Met.
1416 1841 1469 1887 11.
1503 1841 1604 1886 332.
1643 1842 1906 1899 aliquisque

187 1911 313 1958 malo
335 1909 442 1970 fuit
471 1923 588 1974 usus
619 1913 670 1958 in
701 1913 797 1958 illo.

245 2042 349 2088 381.
412 2023 524 2088 sed*
554 2044 694 2088 varii
741 2046 922 2090 motus
968 2056 1067 2090 nec
1112 2044 1171 2088 in
1210 2044 1464 2089 omnibus
1495 2056 1604 2089 una
1636 2046 1906 2100 potestas:

185 2114 268 2160 sed
307 2116 460 2161 variae
498 2125 601 2160 sunt
642 2116 904 2162 morborum
945 2117 1300 2174 progressioneS‚
1332 2128 1415 2161 nec
1445 2128 1604 2161 eorum
1637 2118 1706 2162 vis
1734 2116 1904 2162 eadem.

248 2245 351 2291 382.
414 2245 559 2292 disce
606 2246 774 2292 vices:
807 2247 929 2292 disce
960 2248 1222 2293 morborum
1254 2246 1602 2292 vicissitudines
1632 2256 1676 2292 et
1701 2258 1907 2303 progres-

186 2317 380 2371 siones;
409 2319 448 2362 si
477 2319 542 2363 sic
575 2318 841 2364 vocabulum
872 2319 998 2364 vices
1027 2320 1385 2377 interpretamur,
1418 2319 1548 2376 plane
1579 2331 1906 2377 supervacuum

187 2387 317 2434 disce
361 2388 468 2434 vias
513 2389 661 2448 legere
707 2403 811 2436 cum
857 2390 1115 2437 Schradero
1161 2390 1426 2450 (observat.
1471 2391 1546 2450 lib.
1580 2403 1678 2448 pag.
1711 2389 1801 2447 29),
1833 2390 1907 2446 qui

190 2473 373 2506 versum
405 2460 494 2505 413
538 2461 666 2507 disce
695 2462 802 2507 vias
831 2465 877 2507 et
907 2474 1000 2519 qua
1029 2463 1149 2507 sinit
1180 2462 1362 2507 artibus
1393 2461 1470 2506 exi
1501 2463 1789 2519 comparavit.

250 2533 305 2578 et
347 2543 486 2588 quae
531 2533 758 2578 tutelast
803 2534 1052 2589 proxima
1098 2536 1334 2589 tempta:
1381 2544 1424 2579 et
1463 2534 1741 2589 medicinam,
1775 2545 1906 2589 quam

190 2604 444 2661 proximam
475 2603 626 2659 habes
659 2607 880 2663 experire.
942 2606 1138 2651 tutela:
1171 2606 1228 2651 cf.
1261 2606 1351 2650 346
1412 2605 1713 2662 adfectusque
1743 2615 1908 2650 canum

189 2677 275 2720 tua
303 2682 463 2725 <cura>
492 2677 732 2722 tuerist.

252 2746 521 2802 proxima:
553 2747 607 2792 cf.
642 2761 708 2793 vs.
741 2747 829 2793 468
860 2751 911 2793 at
940 2751 991 2792 tu
1008 2749 1323 2805 praecipitem,
1345 2760 1438 2805 qua
1458 2760 1566 2804 spes
1587 2751 1658 2792 est
1678 2747 1907 2803 proxima,

190 2817 343 2863 labem
373 2822 392 2873 s
453 2818 717 2875 adgredere.

911 2912 992 2984 De·
1028 2939 1192 2985 rabie.

253 3079 353 3124 383.
417 3080 613 3124 tardis:
662 3083 735 3138 qui
782 3082 911 3126 nimis
956 3094 1060 3127 sero
1113 3083 1332 3137 „medicas
1379 3081 1587 3125 adhibent
1629 3079 1831 3134 manus”‚
1863 3088 1909 3123 ut

194 3160 347 3207 pastor
378 3151 447 3196 ille
478 3152 595 3209 apud
629 3151 888 3210 Vergilium,
923 3152 1095 3211 Georg.
1130 3153 1204 3198 111.
1240 3154 1326 3197 454
1358 3152 1502 3197 alitur
1527 3151 1691 3196 vitium
1707 3150 1909 3206 vivitque
