2210 3568
1240 243 1290 287 12

408 375 534 434 Cyn.
567 373 747 419 85-86
1773 381 1838 416 ast
1869 373 1944 418 ubi
1975 372 2117 419 lentae

575 453 577 456 ⁴
883 443 1102 488 interdum
1135 442 1306 500 Libyco
1337 443 1541 487 fucantur
1571 442 1768 499 sandyce
1798 453 1983 500 pennae.

409 516 474 563 G.
508 516 561 561 11.
592 514 830 560 490-492
886 514 1008 559 Felix
1039 514 1113 570 qui
1145 515 1284 570 potuit
1315 525 1464 558 rerum
1496 524 1770 570 cognoscere
1799 524 1967 562 causas.

410 586 475 633 G.
509 586 585 632 1v.
618 586 705 630 315
885 586 982 642 quis
1007 584 1130 628 Deus
1151 584 1279 638 hanc,
1305 582 1475 639 Musae,
1498 585 1597 640 quis
1614 584 1742 628 nobis
1759 583 1927 628 extudit
1943 583 2120 629 artem?

411 657 475 704 G.
507 657 541 702 1.
572 655 749 701 41—42
878 657 1143 713 ignarosque
1175 655 1275 699 viae
1307 666 1481 699 mecum
1514 656 1745 699 miseratus
1776 655 1960 712 agrestis
1991 698 1994 702 .

889 725 1136 783 ingredere.
2040 754 2043 757 -

412 798 477 844 G.
497 798 549 844 11.
568 797 805 842 475--476
1957 791 2119 841 Musae

887 879 1073 924 quarum
1105 878 1231 911 sacra
1262 866 1373 911 fero.

415 939 540 998 Cyn.
571 938 750 984 95—99
886 937 929 983 Ο
964 938 1069 982 felix
1099 938 1227 982 tantis
1258 949 1390 994 quem
1422 938 1614 994 primum
1644 937 1856 982 industria
1886 937 2020 982 rebus

887 1009 1078 1065 prodidit
1109 1008 1358 1053 auctorem!
1400 1007 1524 1052 Deus
1554 1007 1624 1052 ille
1655 1020 1711 1052 an
1743 1011 1964 1065 proxuma
1992 1007 2122 1053 divos

888 1092 1014 1124 mens
1043 1078 1136 1134 fuit,
1168 1080 1212 1123 in
1244 1090 1398 1123 caecas
1428 1079 1566 1124 aciem
1597 1091 1710 1136 quae
1740 1091 1899 1137 magna
1918 1078 2123 1124 tenebras

890 1151 977 1205 egit
1008 1158 1051 1194 et
1081 1150 1283 1207 ignarum
1314 1148 1503 1205 perfudit
1535 1149 1699 1194 lumine
1730 1149 1927 1207 volgus?

889 1221 957 1264 dic
989 1232 1070 1276 age
1103 1219 1265 1274 Pierio,
1296 1219 1362 1264 fas
1392 1229 1472 1274 est,
1506 1219 1649 1264 Diana
1681 1221 1894 1267 ministro,

416 1294 509 1338 Ecl.
542 1293 585 1336 6.
624 1292 734 1337 1-2
888 1293 1030 1348 prima
1063 1289 1302 1348 Syracosio
1333 1290 1507 1347 dignata
1538 1299 1604 1335 est
1634 1291 1785 1336 ludere
1817 1303 1952 1337 versu

692 1388 703 1397 a
890 1371 1041 1406 nostra
1070 1374 1215 1418 neque
1245 1362 1418 1405 erubuit
1449 1362 1582 1406 silvas
1613 1361 1808 1406 habitare
1839 1360 2005 1407 Thalia.

419 1434 545 1492 Cyn.
584 1433 812 1478 too-107
894 1442 1206 1489 auctoremque
1238 1434 1362 1489 operi
1394 1433 1567 1489 dignata
1597 1433 1838 1478 inscribere
1868 1444 2029 1490 magno

892 1505 1015 1548 iussit
1045 1504 1166 1548 adire
1197 1516 1300 1547 suas
1330 1512 1374 1548 et
1405 1503 1600 1560 pandere
1631 1503 1831 1560 gentibus
1861 1505 1965 1548 artis

425 1575 487 1621 G.
520 1575 573 1619 11.
607 1575 694 1619 447
894 1584 935 1618 at
966 1584 1138 1630 myrtus
1169 1574 1340 1618 validis
1371 1573 1629 1618 hastilibus.

426 1645 547 1704 Cyn.
588 1645 668 1690 127
1148 1654 1190 1689 et
1220 1645 1391 1689 validis
1421 1645 1625 1689 dilectum
1657 1644 1903 1689 hastilibus
1932 1656 2124 1690 omnem.

423 1715 487 1761 G.
523 1716 577 1760 11.
616 1716 846 1760 llo—119
896 1715 1145 1759 fluminibus
1177 1715 1330 1759 salices
1362 1716 1608 1772 crassisque
1639 1715 1871 1771 paludibus
1900 1714 1985 1759 alni

895 1795 1146 1841 nascuntur,
1178 1786 1348 1830 steriles
1377 1788 1551 1830 saxosis
1582 1786 1803 1830 montibus
1834 1787 1959 1840 orni3
1999 1773 2002 1781 ’

896 1856 1032 1900 litora
1065 1856 1269 1912 myrtetis
1298 1856 1581 1911 laetissima3
1612 1856 1802 1913 denique
1832 1865 2010 1913 apertos

899 1927 1102 1971 Bacchus
1135 1936 1249 1971 amat
1280 1926 1415 1982 collis,
1447 1927 1696 1983 aquilonem
1726 1936 1768 1971 et
1800 1926 1965 1984 frigora
1994 1928 2098 1981 taxi.

898 1999 1044 2054 aspice
1085 2006 1126 2041 et
1167 1998 1378 2041 extremis
1408 1997 1622 2040 domitum
1654 1997 1894 2042 cultoribus
1925 1998 2082 2043 orbem

901 2068 1104 2124 ansque
1135 2068 1294 2112 domos
1325 2069 1522 2112 Arabum
1554 2069 1781 2124 pictosque
1816 2066 2044 2112 Gelonos:

896 2138 1063 2182 divisae
1094 2139 1326 2182 arboribus
1357 2139 1533 2194 patriae.
1578 2138 1671 2182 sola
1705 2137 1825 2182 India
1855 2139 2030 2195 nigrum

898 2208 981 2253 fert
1012 2210 1226 2264 ebenum;
1248 2210 1365 2253 rsolis
1395 2218 1461 2253 est
1491 2217 1615 2254 turea
1644 2208 1775 2265 virga
1804 2208 2016 2253 Sabaeis.

900 2279 1004 2335 quid
1034 2281 1110 2323 tibi
1141 2279 1326 2324 odorato
1358 2279 1547 2324 referam
1578 2279 1777 2323 sudantia
1808 2279 1927 2336 ligno

901 2350 1112 2393 balsama.
1134 2385 1142 2392 .
1163 2383 1172 2392 .

429 2420 494 2468 G.
527 2421 560 2466 1.
593 2421 649 2466 57
905 2419 1026 2464 India
1059 2422 1181 2464 mittit
1213 2421 1338 2475 ebur,
1371 2420 1527 2465 molles
1557 2433 1636 2464 sua
1668 2430 1765 2465 tura
1797 2419 1955 2465 Sabaei

430 2492 494 2538 G.
527 2492 583 2536 11.
615 2490 851 2536 422-443
1490 2518 1498 2527 ι
1698 2491 1801 2534 dant
1833 2490 1935 2534 utile
1965 2490 2129 2548 lignum

905 2562 1088 2618 navigiis
1119 2563 1248 2617 pinus
2064 2608 2066 2613 ι

787 2632 873 2676 447
1795 2640 1838 2675 et
1870 2632 1984 2675 bona
2016 2631 2130 2676 bello

906 2715 1091 2757 cornus3
1127 2703 1324 2747 Ituraeos
1355 2705 1443 2747 taxi
1475 2711 1734 2759 torquentur
1767 2703 1810 2745 in
1842 2714 1969 2746 arcus

433 2773 496 2819 G.
531 2773 608 2819 IV.
646 2773 726 2817 124
1495 2783 1538 2818 et
1568 2774 1750 2817 amantis
1780 2772 1917 2816 litora
1948 2773 2130 2828 myrtos.

433 2845 557 2903 Cyn.
597 2844 837 2889 128-133.
905 2844 1090 2900 plurima
1123 2843 1336 2889 Threiciis
1369 2846 1555 2888 nutritur
1586 2843 1771 2889 vallibus
1805 2842 1947 2887 Hebri

906 2928 1068 2960 cornus
1109 2926 1150 2960 et
1192 2917 1427 2961 umbrosae
1464 2915 1654 2959 Veneris
1681 2924 1765 2969 per
1793 2914 1931 2958 litora
1962 2917 2133 2975 myrtus

899 2988 1083 3043 taxique
1115 2988 1332 3044 pinusque
1364 2986 1662 3042 Altinatesque
1692 2993 1897 3041 genestae

908 3066 950 3101 et
981 3058 1117 3113 magis
1149 3059 1396 3113 incomptos
1427 3069 1564 3113 opera
1593 3057 1763 3099 iuturus
1794 3056 1977 3111 agrestis

906 3136 1083 3172 termes.
1117 3128 1170 3171 ab
1204 3128 1308 3172 Eois
1339 3127 1564 3171 descendit
1594 3125 1723 3181 virga
1754 3124 1951 3170 Sabaeis
