2210 3568
988 242 1048 288 85

163 373 336 420 hirnus.
353 406 365 419 .
384 378 426 430 ,s
436 373 618 432 grande
645 372 838 429 aliquid,
869 384 960 429 quo
983 372 1145 428 palmo
1176 373 1365 418 animae
1382 373 1656 430 praelargus
1677 373 1874 419 anhelet.

223 445 543 503 magnisque
584 445 841 501 supersit:
884 453 928 489 et
959 444 1080 501 quod
1111 445 1217 489 satis
1249 446 1409 490 virium
1442 445 1572 490 habet
1603 445 1659 491 ad
1690 458 1877 503 magnos

163 516 340 563 labores
384 517 618 573 ferendos;
665 516 720 561 cf.
761 515 897 573 Verg.
933 513 1104 573 Georg.
1139 515 1216 570 111,
1253 516 1335 562 127
1365 528 1612 573 superesse
1641 515 1803 573 labori,
1833 526 1877 562 et

163 599 249 634 nos
277 588 332 634 ad
365 600 432 634 vs.
462 586 552 632 287
587 585 761 633 Grattii.

219 727 324 776 276.
385 729 558 787 effuge
603 729 694 786 qui
737 729 852 774 lata
892 729 1082 784 pandit
1113 729 1349 786 vestigia
1379 730 1590 786 planta:
1619 731 1781 776 inutilis
1810 741 1877 778 est

161 801 201 846 is
241 802 363 847 canis
408 803 483 860 qui
530 802 637 846 latas
684 801 814 846 habet
861 800 1046 858 plantas,
1103 813 1214 857 quas
1262 802 1484 859 unguibus
1528 804 1642 847 inter
1681 804 1877 848 eundum

161 872 487 919 discedentibus
518 873 680 930 pandit.
717 870 858 917 Canis
873 871 1099 929 defensor
1113 872 1333 917 Varronis
1351 873 1423 931 (11.
1442 873 1484 918 9.
1505 873 1550 932 4)
1571 883 1724 919 contra
1748 875 1877 920 debet

161 957 262 990 esse
302 940 501 1002 pedibus
548 943 733 1000 magnis
779 947 823 988 et
869 944 981 988 altis
1027 944 1107 1000 qai
1149 943 1426 1001 ingredienti
1465 946 1510 990 ei
1540 945 1877 1002 displodantar,

159 1015 323 1074 digitis
353 1016 581 1062 discretis,

213 1086 509 1146 ¹Quamquam
541 1097 686 1133 autem
720 1089 840 1133 canis
882 1089 1130 1144 bellicosus,
1162 1101 1296 1146 quem
1334 1087 1536 1134 Grattius
1566 1090 1637 1134 hic
1669 1090 1876 1148 depingit,

160 1172 252 1206 non
283 1169 384 1206 ante
413 1161 563 1205 omnia
593 1159 727 1204 velox
756 1172 856 1204 esse
889 1160 1031 1216 debet,
1065 1170 1210 1205 tamen
1242 1161 1456 1205 venatori
1486 1172 1575 1206 non
1598 1171 1715 1206 esset
1734 1171 1876 1220 aptuS,

159 1234 198 1278 si
228 1230 364 1280 ἄπους
392 1241 523 1287 esset,
556 1243 660 1275 nam
693 1242 739 1275 ut
772 1232 828 1275 ait
861 1230 1327 1289 Pseudo-Xenophon,
1362 1233 1408 1273 αἱ
1439 1231 1476 1274 δ’
1498 1231 1651 1281 ἄποδες
1681 1232 1771 1275 οὐδ’
1804 1235 1878 1277 ἐὰν

26 1299 27 1303 “
84 1318 85 1323 ’
160 1298 261 1348 ὦσιν
304 1302 482 1360 εὔψυχοι
526 1304 624 1351 τοὺς
655 1303 810 1351 πόνους
842 1302 1048 1348 δύνανται
1079 1303 1316 1360 ἀνέχεσθαι,
1348 1302 1444 1345 ἀλλ’
1470 1303 1776 1361 ἀπαγορεύουσι
1807 1305 1878 1348 διὰ

159 1375 208 1416 τὸ
247 1372 375 1428 ἄλγος
415 1382 501 1419 τῶν
541 1373 685 1419 ποδῶν
725 1373 924 1433 (Cyneg.
965 1374 1007 1419 3.
1048 1373 1111 1434 2),
1142 1387 1256 1433 quae
1286 1375 1418 1420 simul
1449 1376 1634 1433 pulchre
1663 1376 1878 1423 illustrant

160 1444 376 1491 vocabula
405 1445 586 1490 mollis
615 1445 673 1490 in
705 1444 895 1491 officio.

764 1553 855 1635 De*
872 1601 1005 1634 cane
1035 1590 1281 1646 gravida.

216 1729 319 1778 277.
381 1731 537 1778 siccis
568 1744 668 1789 ego
699 1732 835 1776 dura
859 1732 1079 1778 lacertis
1094 1737 1115 1786 Ι
1130 1743 1287 1778 crura
1308 1733 1499 1778 velim:
1521 1733 1641 1778 dura
1660 1734 1875 1790 crura,cf.

159 1803 236 1850 Ps.
267 1803 473 1862 Xenoph.
505 1803 547 1848 4.
585 1804 600 1848 1
638 1802 765 1860 σκέλη
781 1836 792 1846 .
808 1836 819 1846 .
835 1836 845 1846 .
879 1806 1053 1860 στιφράς
1073 1804 1187 1850 sicci
1209 1804 1375 1850 lacerti
1389 1814 1492 1851 sunt
1503 1805 1650 1862 pedes
1661 1804 1874 1862 graciles

215 1945 319 1993 279.
379 1946 476 1993 sed
504 1945 708 1992 frustra
738 1948 937 2004 longus
967 1949 1223 2004 properat
1254 1948 1424 2003 labor,
1456 1948 1643 1994 abdita
1681 1948 1729 1993 sl
1765 1961 1875 1995 non

156 2022 178 2073 Ι
191 2017 336 2064 altas
365 2017 423 2062 in
459 2019 700 2064 latebras
740 2020 938 2075 unique
969 2019 1177 2064 inclusa
1210 2020 1408 2065 marito
1426 2025 1446 2073 Ι
1462 2019 1690 2065 femina:
1711 2020 1874 2066 frustra

157 2089 346 2146 laboras,
378 2092 462 2136 nisi
491 2092 614 2136 canis
644 2090 807 2136 femina
839 2103 930 2136 uno
962 2104 1063 2136 cum
1096 2093 1253 2136 marito
1286 2092 1459 2137 stabulo
1490 2092 1738 2138 includitur.

216 2161 431 2219 longus.
451 2195 462 2207 .
481 2195 492 2206 .
547 2162 723 2207 labor:
770 2175 831 2208 sc.
864 2164 1161 2219 educationis;
1193 2176 1298 2208 cum
1329 2173 1422 2208 toto
1455 2176 1591 2209 versu
1621 2164 1875 2210 conseratur

158 2232 528 2292 Arriamcyneg.
545 2233 618 2278 28.
650 2236 662 2278 l
688 2236 907 2290 κράτιστον
929 2234 972 2277 δὲ
993 2234 1214 2291 καθεῖρξαι
1247 2236 1290 2279 ἐν
1321 2236 1466 2292 ταύτῷ
1497 2237 1571 2280 τὸν
1601 2237 1754 2292 ἄρρενα
1784 2238 1874 2291 ἅμα

158 2313 213 2362 τῇ
256 2303 424 2363 θηλείᾳ,
471 2307 602 2350 αὐτὸν
644 2305 688 2348 δὲ
736 2307 881 2361 ἀφανῆ
921 2303 1050 2351 εἶναι·
1083 2308 1129 2349 αἱ
1157 2308 1239 2362 γὰρ
1268 2307 1312 2351 ἐν
1343 2315 1404 2364 τῷ
1434 2308 1607 2362 ἐμφανεῖ
1634 2306 1793 2362 ὁμιλίαι
1824 2308 1873 2349 οὐ

157 2377 333 2432 γόνιμοι,
363 2378 399 2420 εἷ
417 2378 491 2434 χρὴ
512 2377 744 2420 πείθεσθαι
773 2376 977 2433 ἀνδράσιν
1006 2386 1300 2434 κυνηγετικοῖς.

214 2518 318 2565 281.
378 2531 478 2566 nec
523 2521 708 2576 patres
753 2520 971 2566 veneris
1017 2523 1117 2567 sub
1164 2523 1407 2577 tempore
1453 2533 1686 2578 magnos
1729 2521 1872 2576 lilla

124 2619 126 2623 v
157 2603 331 2649 neque
386 2592 645 2637 emeritae
704 2594 890 2637 servat
935 2591 1155 2650 fastigia
1202 2593 1401 2638 laudis:
1449 2594 1570 2638 canis
1616 2594 1734 2638 enim
1780 2605 1870 2638 non

157 2663 324 2710 inclusa
368 2663 492 2722 (illa)
522 2677 667 2721 neque
698 2666 891 2710 maiores
921 2667 1126 2723 egregios
1157 2677 1240 2710 nec
1267 2678 1503 2721 summam,
1525 2678 1658 2723 quam
1679 2666 1871 2710 maiores

157 2745 443 2782 emeruerunt
473 2736 664 2791 laudem,
695 2737 912 2795 integram
941 2731 1104 2783 servat.

215 2877 467 2924 283-285,
530 2877 688 2924 Trium
734 2878 897 2924 horum
929 2891 1141 2925 versuum
1171 2881 1387 2926 sententia
1417 2881 1481 2925 sic
1513 2891 1615 2924 curn
1646 2879 1870 2936 prioribus

158 2949 387 2996 cohaeret:
440 2950 726 3005 „includenda
772 2959 840 2996 est
884 2951 1046 2996 femina
1093 2954 1215 2997 canis
1263 2953 1440 2997 veneris
1481 2960 1706 3007 tempore:
1738 2951 1869 3007 primi

157 3023 276 3067 enim
322 3022 583 3080 complexus
613 3022 853 3067 dulcissimi
883 3032 985 3067 sunt
1013 3023 1131 3080 (huic
1161 3024 1280 3068 enim
1313 3024 1452 3067 amori
1484 3031 1639 3066 natura
1669 3020 1868 3067 furorem

158 3092 232 3139 dat
266 3105 357 3151 quo
387 3092 433 3138 fit
463 3103 509 3138 ut
538 3093 667 3138 catuli
698 3093 836 3138 fortes
867 3094 1132 3154 nascantur),
1165 3096 1203 3140 si
1232 3094 1395 3139 femina
1426 3106 1452 3138 e
1483 3093 1655 3138 stabulo
1687 3093 1811 3138 exire
1842 3105 1868 3136 a

159 3164 342 3210 custode
371 3177 463 3210 non
493 3166 650 3210 sinitur
680 3177 825 3222 neque
855 3164 1054 3222 pluribus
1084 3178 1187 3212 curn
1220 3166 1385 3211 maritis
1417 3177 1512 3210 rem
1545 3163 1736 3210 habuit’'.
