2210 3568
1228 296 1279 342 12

402 437 512 470 cura
542 426 750 480 vincitur,
784 426 917 480 inpar
930 438 946 479 ;
976 435 1248 482 postremum
1279 427 1354 471 ubi
1386 426 1493 472 haec
1515 429 1618 471 artis
1639 430 1863 474 venaticae
1883 430 2107 476 commen·-
2158 435 2166 474 ἐπ
2199 420 2204 456 ἶ

403 496 519 540 datio
565 496 720 540 melius
765 495 948 551 quadrat
992 507 1122 552 quam
1169 497 1212 540 in
1259 497 1526 553 prooemio?
1576 498 1751 543 Primus
1794 498 1912 544 hunc
1933 493 2099 552 locum
2158 494 2202 561 ’,;;

402 566 778 623 transponendum
809 578 908 610 esse
939 568 1161 623 perspexit
1193 566 1263 611 Fr.
1290 567 1445 623 Jacob,
1477 569 1550 624 qui
1581 577 1726 613 tamen
1748 581 1905 614 versus
1923 569 2101 616 61-74
2164 569 2202 618 ῑῖ

403 649 492 682 non
524 646 643 681 recte
673 646 773 693 post
802 635 861 680 24
892 639 1118 694 transponi
1149 639 1284 683 iussit.
2164 645 2171 658 ⁸

463 754 534 799 61.
567 766 826 811 magnum
868 766 1003 810 opus
1040 756 1093 799 et
1134 755 1297 811 tangi,
1340 756 1445 800 nisi
1484 768 1610 801 cura
1641 757 1888 812 vincitur,
1918 757 2103 815 inpar·
2171 795 2180 805 .,

403 838 475 870 ars
521 826 712 871 venandi
757 825 929 870 difficile
976 838 1089 883 opus
1133 836 1212 881 est,
1245 828 1363 883 quod
1394 828 1549 872 melius
1579 837 1645 872 est
1674 841 1765 873 non
1795 829 1989 909 adgredi,
2019 830 2103 875 nisi
2169 851 2204 896 '.

402 908 507 940 cura
538 905 581 940 et
612 905 704 941 arte
734 896 1007 941 difficultates
1037 909 1251 954 superare
1281 899 1467 943 conaris

461 1013 650 1058 62—75.
684 1014 1002 1059 Demonstrare
1033 1015 1125 1059 vult
1157 1025 1285 1072 poeta
1314 1017 1408 1060 sine
1430 1017 1619 1061 venandi
1641 1020 1739 1061 arte
1761 1017 1865 1061 nihil
1889 1017 2103 1076 prodesse
2172 1004 2188 1060 ζ

403 1086 603 1142 corporis
633 1086 721 1130 vim
753 1094 825 1129 aut
855 1087 1075 1142 virtutem,
1111 1098 1212 1129 nam
1233 1087 1362 1130 etiam
1378 1086 1598 1131 semideos
1618 1087 1723 1132 feris
1743 1087 1879 1133 fuisse
1898 1089 2104 1146 impares.
2140 1150 2148 1158 =
2172 1086 2174 1088 ’

460 1213 530 1258 62.
564 1226 744 1259 nonne
776 1214 954 1259 vides:
987 1214 1039 1259 cf.
1075 1215 1247 1259 Lucret.
1284 1215 1335 1259 11.
1376 1215 1482 1270 1963
1517 1216 1650 1274 Verg.
1687 1216 1857 1275 Georg.
1892 1217 1922 1262 l.
1954 1217 2024 1262 56.

462 1343 534 1388 63.
566 1343 858 1388 semideos:
892 1343 1065 1398 heroes,
1098 1354 1143 1388 ut
1174 1354 1408 1401 sequentes
1440 1358 1597 1390 versus
1619 1347 1790 1391 docent.

463 1414 635 1459 Versus
680 1414 859 1458 63—-66
904 1416 947 1458 in
980 1415 1132 1459 codice
1163 1415 1203 1459 A
1236 1425 1443 1473 corrupte
1474 1417 1616 1460 traditi
1646 1426 1768 1461 sunt:
1801 1429 1948 1464 nonne
1978 1415 2106 1463 vid'es

404 1493 605 1530 veterum
663 1497 776 1541 quos
822 1485 968 1542 prodit
1012 1485 1156 1530 fabula
1202 1498 1351 1530 rerum
1396 1491 1415 1540 s
1446 1488 1667 1532 semideos
1699 1513 1751 1520 —
1783 1488 1843 1532 illi
1871 1489 2106 1546 aggeribus

403 1549 618 1612 temptare
649 1557 851 1612 superbis
881 1557 900 1612 s
932 1557 970 1613 ἦ·
1002 1558 1083 1602 iret
1114 1557 1223 1601 freta
1255 1557 1292 1614 -1-
1325 1567 1486 1602 matres
1516 1559 1627 1602 ausit
1658 1567 1842 1616 trectare
1868 1559 2067 1614 deorum,
2083 1562 2104 1614 s
2165 1559 2207 1631 Χῖ

404 1638 535 1682 quam
567 1639 724 1683 magna
756 1628 961 1671 mercede
992 1639 1093 1672 meo
1123 1629 1218 1672 sine
1249 1641 1433 1673 munere
1463 1629 1596 1673 silvas
1625 1633 1646 1684 s
1675 1630 1962 1686 impulerint?
2187 1617 2203 1683 ,ἷ-

462 1695 531 1740 Ex
562 1698 824 1741 coniecturis
855 1697 1011 1754 eligam
1043 1707 1210 1742 tantum
1240 1700 1335 1743 veri
1366 1699 1610 1743 similiores.
2181 1700 2203 1785 ὲ

463 1768 690 1823 Nonnulli,
731 1769 844 1812 inter
885 1780 996 1824 quos
1027 1770 1097 1813 vir
1128 1769 1282 1813 doctus
1317 1768 1497 1825 Curci0‚
1530 1779 1696 1814 textum
1727 1773 1872 1815 sanari
1903 1771 2109 1816 emenda·
2189 1770 2210 1844 ᾗ

405 1838 565 1882 tatione
610 1839 927 1895 simplicissima
974 1848 1137 1895 putant,
1182 1841 1218 1884 si
1264 1852 1347 1896 pro
1402 1840 1513 1894 „iret
1548 1839 1707 1896 freta'’
1755 1841 1820 1885 ire
1854 1841 1986 1898 freta
2012 1845 2104 1891 (εἰ)
2172 1844 2210 1927 ἒ

404 1909 631 1964 scribatur,
688 1910 806 1965 quod
862 1910 916 1953 ad
974 1909 1252 1967 Argonautas
1297 1912 1521 1967 pertineat.
1584 1911 1654 1957 Ab
1700 1912 1768 1957 his
1813 1915 1921 1957 viris
1965 1913 2103 1999 doctis

406 1979 614 2024 dissentio
646 1990 735 2024 tres
766 1981 824 2025 ob
854 1993 1030 2025 causas:

471 2051 505 2094 l.
537 2054 759 2106 temptare
789 2050 949 2108 flagitat
979 2051 1216 2106 obiectum,
1250 2051 1302 2096 cf.
1342 2051 1498 2096 Horat.
1535 2052 1686 2097 Carm.
1722 2054 1752 2098 1.
1784 2054 1855 2099 28.
1888 2055 1917 2099 5
1946 2055 2105 2100 aerias

406 2124 612 2166 tentasse
641 2123 816 2177 domos,
851 2122 985 2179 Epist.
1021 2122 1051 2166 l.
1091 2122 1154 2166 17.
1187 2123 1245 2166 34
1275 2123 1462 2178 attingit
1491 2124 1660 2168 solium
1681 2125 1805 2169 Iovis
1826 2125 2103 2170 etcaelestia

405 2195 579 2245 tentat;
612 2192 864 2237 Nemesian.
897 2193 956 2237 35
982 2195 1129 2237 ardua
1161 2194 1354 2247 mundis
1380 2228 1418 2237 ..
1455 2196 1574 2239 male
1603 2199 1855 2240 tentantem
1884 2231 1922 2241 ..
1960 2196 2103 2241 Phae-

407 2263 596 2315 thonta;
629 2262 764 2308 Ovid.
799 2264 905 2308 Met.
940 2264 971 2308 1.
1011 2265 1084 2308 151
1123 2277 1217 2321 sqq.
1250 2276 1363 2309 neve
1384 2265 1514 2321 foret
1543 2267 1678 2310 terris
1707 2266 1910 2311 securior
1929 2267 2105 2311 arduus

408 2334 577 2389 aether,
594 2334 893 2391 [adfectasse
915 2334 1077 2390 ferunt
1108 2334 1298 2390 regnoen
1327 2337 1524 2380 caeleste
1550 2337 1777 2393 gigantes.

466 2404 507 2448 2.
542 2404 606 2448 ire
629 2403 758 2460 freta
789 2418 871 2461 pro
902 2406 1120 2461 navigare
1152 2417 1276 2450 mare
1307 2419 1481 2462 vereor,
1513 2417 1559 2452 ut
1592 2407 1744 2452 Latine
1774 2408 1953 2452 dicatur.

466 2475 507 2518 3.
539 2477 651 2519 inter
681 2476 769 2519 duo
801 2489 912 2532 quae
943 2477 1012 2520 hic
1043 2478 1323 2522 nominantur
1354 2479 1519 2523 scelera
1542 2488 1693 2522 contra
1721 2478 1844 2523 Deos
1867 2480 2101 2523 commissa

410 2547 674 2590 mentionem
722 2546 815 2590 fieri
861 2547 1216 2604 Argonautarum
1258 2550 1546 2606 expeditionis
1588 2551 1827 2593 maritimae
1862 2549 2100 2593 admodum

410 2618 585 2661 mirum.

469 2686 719 2732 Vollmerus
758 2698 922 2732 textum
963 2699 1219 2746 corruptum
1265 2691 1501 2735 emendare
1532 2699 1716 2735 conatur
1744 2691 2000 2735 scribendo:
2033 2691 2103 2735 illi

410 2758 652 2814 aggeribus
690 2762 911 2813 temptare
939 2761 1149 2814 superbis
1178 2766 1197 2814 s
1226 2761 1382 2805 sidera
1413 2765 1458 2805 et
1486 2762 1547 2805 ad
1578 2764 1747 2805 matres
1776 2762 1884 2805 ausi
1910 2764 2102 2806 trectare
2133 2796 2140 2812 ,
2171 2753 2210 2822 'f‘

409 2829 610 2884 deorum,
656 2830 717 2873 ad
762 2833 953 2874 trectare
997 2833 1122 2875 tmesi
1167 2833 1209 2875 in
1257 2833 1367 2876 duas
1411 2843 1557 2888 partes
1598 2832 1731 2875 dividi
1760 2845 1964 2887 sumens;
1996 2832 2101 2876 mihi

410 2908 553 2943 tamen
601 2900 709 2944 haec
754 2901 902 2944 tmesis
947 2901 1178 2945 durissima
1225 2903 1410 2947 videtur.
1459 2903 1506 2947 In
1542 2902 1721 2959 Hauptii
1753 2904 2001 2948 coniectura
2034 2902 2104 2947 illi

410 2970 652 3025 aggeribus
696 2974 917 3025 temptare
960 2972 1169 3027 superbis
1207 2977 1227 3027 s
1256 2974 1443 3017 aethera
1487 2977 1532 3017 et
1560 2973 1622 3016 ah
1653 2977 1823 3017 matres
1851 2973 1960 3017 ausi
1986 2977 2102 3022 <a>t-

411 3044 601 3085 trectare
629 3042 816 3085 deorum
845 3043 1083 3086 interiectio
1114 3044 1176 3086 ah
1194 3044 1490 3089 ‘vehementer
1519 3045 1726 3101 displicet.
1761 3044 1856 3101 Ego
1881 3045 1935 3088 ad
1957 3055 2100 3087 meam

411 3112 703 3156 coniecturam
756 3112 1073 3157 defendendam
1121 3114 1302 3159 confero
1350 3115 1552 3171 Propert.
1601 3114 1654 3169 11,
1708 3116 1742 3158 l.
1788 3114 1847 3158 20
1892 3117 1942 3158 ut
1984 3112 2101 3158 caeli

413 3182 571 3226 Pelion
603 3186 728 3227 esset
757 3184 852 3227 iter.

2187 2165 2210 2737 ...aemma-aaafflfflmsssmenm
2195 2132 2198 2139 >
2191 2086 2194 2111 ⁷*
2191 2037 2194 2039 ’
2192 1975 2195 1995 *⁴
2191 1931 2210 1955 ..1
2190 1896 2192 1902 ’
