2210 3568
1198 235 1228 279 6

355 359 498 404 silvae
529 362 712 417 propior
745 370 874 418 atque
906 361 1089 418 effusuS‚
1124 362 1309 409 Gratius
1340 366 1611 422 castigatior
1647 378 1690 412 et
1711 369 1841 427 longe
1860 371 2073 418 exactius

358 431 489 475 simul
536 442 636 475 cum
683 432 899 476 natalibus
944 433 1051 489 ipsis
1097 446 1256 478 canum
1304 436 1502 492 designat
1533 449 1696 494 mores,
1729 441 1914 496 animos,
1947 443 2068 488 vires

353 501 638 557 celeritatem,
680 504 974 558 sagacitatem,
1013 504 1183 549 faciem.
1246 505 1298 549 Et
1338 519 1446 551 sane
1477 507 1626 552 divini
1653 521 1817 555 versus
1846 511 1999 556 multi.
2019 547 2028 556 .
2048 545 2058 556 .

365 570 453 615 Ubi
499 584 610 616 vero
656 584 815 616 canum
863 584 954 617 tum
999 575 1182 619 morbos
1227 585 1318 621 tum
1366 579 1560 622 remedia
1602 579 1807 625 describit
1864 579 2065 639 Gratius,

351 643 462 686 satis
507 642 710 687 ostendit
754 644 928 688 aetatis
955 656 1072 689 suae
1092 645 1400 702 felicitatem:
1430 659 1531 693 sunt
1562 651 1679 694 enirn
1710 651 2065 697 luculentissima.

422 712 623 759 Omnino
664 727 775 760 vero
806 716 846 760 ei
878 715 1190 761 Nemesianus
1219 717 1383 774 impar,
1415 728 1544 775 atque
1574 721 1705 764 etiam
1736 721 1872 777 longe
1902 716 2066 767 minor.

417 855 561 899 Ianus
614 856 778 901 Vlitius
822 858 867 911 (P
898 857 1092 915 -1666)
1141 859 1235 916 Ego
1277 859 1442 904 nullum
1474 862 1517 904 in
1549 861 1926 908 nitidissimo-hoc
1957 875 2064 921 poe-

354 936 474 970 mate
506 927 577 971 vel
610 939 801 972 naevum
835 941 1032 985 agnosco
1062 931 1122 985 (in
1153 930 1255 974 edit.
1296 930 1421 986 1645,
1454 944 1496 988 p.
1528 931 1651 988 234).

415 1067 637 1112 Nicotaus
684 1069 909 1113 Heinsius
955 1069 1283 1126 (1620—1681)
1331 1072 1386 1116 ad
1435 1070 1684 1117 Graevium
1715 1075 1889 1131 scripsit
1918 1074 2058 1120 haec:

356 1137 564 1196 (Sylloge
612 1139 826 1184 Burman.
878 1140 954 1195 IV,
993 1154 1034 1197 p.
1066 1140 1171 1197 285)
1205 1140 1367 1185 Miram
1399 1143 1571 1187 medius
1603 1143 1730 1189 fidius
1761 1157 1869 1201 prae
1901 1156 1950 1190 se
1982 1145 2067 1191 iert

347 1209 611 1266 elegantiam
657 1220 700 1255 et
745 1213 1005 1256 suavitatem
1050 1210 1246 1267 Gratius,
1280 1222 1326 1256 ut
1356 1215 1582 1258 continere
1613 1216 1699 1259 iam
1731 1216 1835 1260 olim
1868 1228 1940 1261 me
1969 1228 2059 1261 non

353 1282 588 1336 potuerim,
634 1284 738 1338 quin
785 1281 1045 1326 familiarem
1091 1283 1196 1326 mihi
1242 1284 1477 1329 redderem
1524 1284 1640 1328 hunc
1687 1294 1862 1341 poetam
1914 1295 1957 1329 et
2002 1286 2058 1330 ab

347 1352 447 1394 eius
479 1363 558 1395 ore
588 1351 844 1408 frequenter
876 1355 1132 1410 penderem.

413 1486 737 1537 Bro‘ukhusius
771 1493 1106 1552 (1649-1707)
1137 1507 1239 1539 eum
1275 1497 1335 1551 (p.
1366 1495 1455 1539 342
1485 1507 1592 1540 suae
1615 1495 1837 1551 Propertii
1857 1496 2060 1541 editionis

350 1573 454 1606 ann.
495 1562 622 1619 1727)
654 1564 842 1620 appellat
877 1566 1261 1619 „venustissimum
1294 1565 1514 1622 poetam''.

420 1702 688 1760 Wemsdorf
718 1705 778 1762 (fl.
828 1705 978 1763 1780):
1019 1707 1098 1749 sed
1139 1706 1248 1750 haec
1294 1707 1574 1751 incommoda
1606 1707 1785 1751 minime
1815 1707 2058 1763 impediunt

345 1785 441 1828 quo
483 1775 627 1819 minus
660 1777 802 1832 ipsum
836 1786 1010 1832 poetam
1042 1778 1268 1832 egregium
1301 1786 1430 1832 atque
1460 1777 1580 1820 omni
1611 1778 1934 1824 existimatione
1963 1778 2057 1834 dig-

350 1856 456 1887 num
500 1845 786 1901 habeamus;.
806 1881 816 1890 .
836 1882 875 1890 ..
930 1848 1188 1903 praesertim
1220 1849 1264 1891 in
1296 1848 1640 1904 digressionibus
1672 1847 1947 1903 quibusdam,
1978 1849 2053 1892 ubi

341 1918 404 1961 ad
434 1918 638 1974 exempla
670 1920 896 1963 vetustatis
927 1928 969 1963 et
1001 1920 1154 1963 merita
1185 1920 1432 1975 priscorum
1464 1919 1659 1963 excurrit
1689 1919 1847 1975 quibus
1883 1927 1929 1963 ut
1950 1919 2054 1963 nihil

342 1996 413 2031 est
444 1987 699 2043 elegantius,
731 1989 787 2032 ita
820 2001 1028 2045 magnum
1061 1991 1252 2045 poemati
1283 1989 1431 2033 lumen
1463 1990 1641 2033 accedit.
2094 1980 2096 1982 ¹

406 2128 541 2172 Stem
586 2128 750 2181 (Gratt.
796 2130 910 2174 edid.
965 2130 1116 2188 1832):
1181 2129 1365 2175 Gratius
1406 2142 1537 2185 quam
1584 2129 1765 2173 feliciter
1796 2141 1885 2172 non
1917 2128 2051 2173 modo

341 2201 636 2254 attentaverit,
682 2201 761 2244 sed
808 2202 937 2245 etiam
984 2211 1209 2245 assecutus
1255 2202 1309 2244 sit
1357 2200 1558 2244 Maronis
1600 2201 1788 2253 laudem,
1821 2211 1846 2242 a
1877 2199 2053 2243 nemine

345 2269 572 2326 hucusque
619 2271 749 2315 video
791 2272 1153 2315 demonstratum.
1204 2271 1308 2316 Non
1339 2282 1406 2315 est
1435 2281 1581 2315 autem
1612 2270 1739 2324 ullus,
1771 2279 1818 2313 ut
1850 2270 2052 2323 arbitror,

341 2350 574 2396 poetarum
626 2341 939 2386 didacticorum
991 2344 1114 2387 cuius
1165 2352 1252 2386 tam
1298 2343 1519 2398 inquinata
1563 2341 1838 2385 eruditorum
1883 2339 2053 2384 iudiciis

344 2413 606 2467 praestantia
637 2414 691 2456 sit
722 2425 853 2469 quam
885 2413 967 2457 hic.
1004 2413 1096 2470 Qui
1128 2415 1207 2457 etsi
1230 2414 1275 2456 in
1297 2413 1429 2456 rebus
1451 2424 1563 2468 quae
1584 2413 1638 2456 ad
1656 2422 1795 2456 artem
1810 2410 2053 2455 venationis

340 2479 561 2534 pertinent
601 2480 899 2525 describendis
931 2482 1190 2538 aliquotiens
1220 2490 1285 2524 est
1317 2481 1562 2535 obscurior,
1593 2481 1637 2523 in
1667 2492 1875 2525 sermone
1905 2490 2051 2525 tamen

343 2549 449 2593 nihil
490 2550 671 2606 vulgare
712 2553 824 2595 inest
861 2561 932 2596 aut
973 2552 1101 2605 exile,
1141 2560 1187 2595 ut
1228 2552 1271 2594 in
1312 2552 1408 2607 ipsa
1453 2551 1659 2595 materiae
1690 2552 1895 2595 tenuitate
1925 2550 2051 2595 altior

337 2620 520 2676 quidem
567 2633 616 2664 ac
663 2634 802 2678 prope
849 2622 1025 2666 divinus
1071 2623 1249 2679 spiritus
1295 2623 1428 2665 sit...
1500 2621 1649 2677 ltaque
1689 2622 1733 2664 in
1764 2621 2050 2678 disponendis

343 2691 657 2747 nectendisque
703 2693 942 2747 sententiis,
991 2705 1123 2748 quam
1165 2693 1380 2736 rationem
1422 2701 1465 2735 et
1495 2700 1632 2735 artem
1665 2692 1870 2736 carminis
1901 2691 2050 2736 dicere

337 2761 551 2815 solemus,
585 2763 854 2818 optimorum
886 2764 929 2806 in
963 2763 1047 2807 hoc
1079 2775 1243 2819 genere
1274 2763 1448 2806 laudem
1481 2763 1695 2818 aequavit,
1729 2762 1890 2807 multos
1920 2765 2050 2807 etiam

337 2832 589 2888 superavit;
626 2833 785 2876 sed...
831 2834 976 2889 ipsum
1019 2846 1159 2889 genus
1203 2833 1375 2876 dicendi
1409 2831 1664 2888 impeditum
1711 2833 1898 2877 arduum
1944 2833 2051 2878 sale·

339 2903 523 2946 brosum
539 2914 620 2947 nec
642 2903 828 2947 liberum
850 2904 904 2947 ab
927 2904 1150 2948 obsoletae
1172 2904 1432 2959 antiquitatis
1452 2902 1737 2947 affectatione.
1763 2901 2046 2960 Quamquam

340 2985 396 3017 ne
427 2973 512 3017 hoc
543 2973 721 3029 quidem
752 2975 847 3017 sine
878 2974 1059 3018 consilio
1091 2974 1263 3019 videtur
1294 2983 1336 3018 et
1366 2974 1535 3018 ratione
1565 2973 1740 3017 factum.
1774 2973 1979 3030 Namque
2001 2983 2048 3016 ut

336 3046 485 3088 omnia
516 3045 560 3087 in
595 3043 754 3089 Gratio
787 3045 955 3100 pietatis
986 3057 1037 3088 ac
1069 3045 1292 3101 religionis
1322 3056 1429 3101 prae
1466 3056 1516 3087 se
1537 3043 1732 3088 colorem
1754 3043 1913 3099 ferunt,
1936 3055 2049 3100 quae

338 3114 568 3158 hominum
611 3115 788 3171 quidem
831 3116 1038 3171 opinione
1077 3116 1332 3170 antiquioris
1365 3116 1462 3158 aevi
1493 3114 1604 3158 solet
1636 3115 1817 3170 propria
1846 3126 1960 3168 esse,
1991 3115 2050 3157 ita
