2210 3568
1031 207 1089 252 35

231 352 233 355 ⁴
262 342 321 386 at
365 341 577 387 vulture
618 339 767 384 dirus
806 341 876 384 ab
909 340 1029 383 atro
1060 344 1081 392 Ι
1111 339 1268 386 odor:
1299 337 1353 384 cf.
1388 337 1545 384 Senec.
1577 337 1634 382 de
1664 338 1743 393 ira,
1775 335 1831 383 11.
1870 336 1923 381 ¹2

198 407 455 458 acerrimas
475 411 616 470 feras
648 411 823 465 umbra,
856 422 948 454 vox
978 413 1024 454 et
1063 410 1212 454 odor
1243 410 1463 455 insolitus
1497 409 1732 465 exagitat:
1754 407 1920 453 Lucan.

203 482 279 529 lv.
328 483 416 530 437
462 485 574 528 dum
616 483 820 540 pavidos
856 481 1119 538 formidine
1167 493 1327 526 cervos
1357 485 1377 537 s
1408 481 1594 526 claudat
1626 481 1922 526 odoratae

170 547 448 601 'metuentis
493 557 606 600 ae'ra
646 555 898 611 pinnae,·
946 551 1142 610 Oppian.
1195 551 1371 611 Cyneg.
1432 552 1510 598 1v.
1553 552 1612 597 65
1672 554 1765 596 ἐπεὶ
1802 551 1921 607 μάλα

68 606 91 617 β
123 629 126 632 ’
201 627 349 683 θήρεσι
382 634 516 669 πᾶσιν
530 631 551 680 s
567 624 774 676 ὀξύταται
807 627 936 681 ῥινῶν
968 624 1211 679 ὀσφρήσειςν·
1243 625 1280 665 εἰ
1300 623 1342 666 δὲ
1363 628 1599 680 φράσσαντο
1619 628 1639 679 s
1662 624 1687 679 ἢ
1707 622 1921 667 σταλίκων

201 697 374 753 ὀδμὴν
406 697 432 753 ἢ
462 697 754 752 nent-aptivam
785 695 916 740 λίνοιο
931 698 953 751 s
968 694 1152 750 ἔμπαλιν
1185 696 1445 740 ι’θιίνουσιν..
1462 729 1475 743 .
1491 728 1504 741 .

258 769 453 814 silvas:
485 768 602 814 feras
632 769 874 823 silvestres,
907 767 961 812 cf.
996 767 1327 811 adnotationem
1360 768 1416 812 ad
1449 780 1516 812 vs.
1547 767 1590 811 3.

257 887 329 934 81.
391 889 488 934 sed
524 898 686 944 quam
724 888 871 931 clara
900 887 1010 931 tuis
1042 887 1096 931 et
1127 885 1347 942 pinguis
1379 886 1566 941 pluma
1597 889 1698 932 sub
1730 886 1921 933 armis:

188 961 326 1005 'clara
370 961 425 1006 ad
470 961 619 1018 cygni,
662 958 854 1015 pinguis
900 959 955 1002 ad
1004 958 1192 1003 vulturis
1239 970 1410 1014 pennas
1453 959 1663 1015 pertinet;
1701 958 1923 1015 pinguis:

166 1023 177 1044 ²
198 1032 386 1093 odorem
432 1043 664 1089 spargens,
711 1032 889 1088 pinguia
936 1031 1085 1075 omnia
1131 1038 1371 1087 unguenta,
1420 1038 1532 1085 tura,
1565 1030 1705 1085 oliva;
1736 1029 1862 1074 tuis:
1892 1042 1920 1074 o

198 1112 398 1156 venator.
429 1103 516 1148 sab
547 1102 717 1147 armis:
750 1102 1002 1159 pendebant
1033 1103 1152 1146 enim
1185 1101 1364 1159 plumae
1394 1113 1453 1146 ex
1484 1101 1600 1147 linea
1631 1101 1858 1146 deorsum.

256 1221 328 1268 82.
390 1223 507 1267 tam
558 1221 740 1265 mollis
791 1222 942 1265 tactu
997 1221 1050 1265 et
1104 1232 1214 1265 non
1262 1221 1334 1266 sit
1381 1222 1721 1266 creberruma
1752 1231 1918 1266 nexu:

177 1303 350 1340 monet
381 1303 524 1353 poeta,
548 1306 604 1338 ne
626 1305 799 1351 pennae
821 1293 1031 1337 horridae
1050 1293 1136 1336 sint
1152 1304 1268 1337 neve
1284 1293 1415 1336 nimis
1432 1292 1595 1337 multae
1612 1304 1784 1350 pennae
1805 1292 1920 1337 inter

197 1379 247 1412 80
279 1375 522 1412 nectantur.

255 1484 328 1530 83.
360 1497 430 1530 ne
459 1496 720 1540 reprensa
752 1454 886 1528 suis.
898 1484 1279 1539 properantem
1312 1483 1458 1528 linea
1490 1483 1686 1538 pennis
1715 1487 1737 1537 Ι
1765 1482 1918 1537 inpli-

198 1559 302 1603 cet:
348 1569 406 1602 ne
443 1555 669 1614 formido,
714 1556 820 1600 dum
854 1555 1137 1612 recolligitur,
1169 1554 1434 1612 (reprensat
1464 1556 1526 1599 sic
1556 1564 1677 1600 recte
1706 1555 1919 1612 interpre-

195 1638 311 1675 tatur
342 1627 562 1686 Vollmer)
591 1640 775 1672 suarum
809 1639 1055 1684 pennarum
1087 1627 1302 1671 densitate
1324 1635 1523 1670 moretur
1540 1636 1582 1672 te
1598 1635 1916 1684 properantem

196 1700 240 1760 (i.
273 1713 312 1746 e.
341 1698 638 1758 'venatorem)‚
671 1711 773 1744 cum
806 1699 921 1743 linea
952 1707 994 1743 et
1025 1710 1199 1755 pennae
1230 1699 1344 1742 inter
1375 1710 1425 1742 se
1456 1695 1748 1755 implicantur.

200 1865 202 1868 ,
252 1819 326 1865 84.
387 1820 549 1875 atque
594 1818 713 1874 ipso
760 1818 1023 1863 mendosa
1069 1819 1331 1873 coarguat
1378 1828 1506 1861 usu:
1554 1829 1684 1872 neve,
1731 1818 1830 1874 ipso
1871 1817 1914 1861 in

194 1903 334 1950 opere
378 1892 610 1946 mendosa,
650 1900 692 1935 te
724 1898 936 1947 coarguat
966 1890 1223 1939 <inscitiae>.
1289 1888 1443 1933 Potest
1477 1900 1636 1934 versus
1667 1889 1798 1933 etiam
1830 1888 1915 1933 alio

194 1963 332 2009 modo
374 1963 600 2021 explicari,
645 1964 683 2007 si
724 1974 826 2006 cum
875 1961 1106 2006 Vollmero
1138 1961 1364 2005 mendosa
1394 1967 1548 2010 <esse>
1578 1962 1801 2016 coarguat
1832 1972 1915 2017 pro

191 2036 466 2080 nominativo
498 2047 600 2080 cum
631 2033 848 2078 infinitivo
881 2033 1111 2086 habemus,
1144 2044 1278 2088 quem
1309 2044 1369 2076 ex
1399 2031 1547 2090 lingua
1582 2029 1760 2076 Graeca
1792 2032 1917 2076 novi-

193 2119 316 2152 mus:
373 2106 493 2164 quod
553 2106 742 2151 verbum
788 2115 894 2148 esse
940 2104 1167 2159 omittitur,
1215 2103 1469 2160 comparari
1515 2111 1661 2160 potest
1710 2115 1776 2148 vs.
1832 2101 1914 2147 100

194 2177 445 2223 Arcadium
473 2179 571 2221 stat
591 2175 735 2233 fama
764 2187 938 2221 senem.
1002 2174 1335 2232 simplicissima
1366 2175 1687 2246 interpiptatiQ
1719 2175 1757 2218 si
1789 2185 1913 2218 men-

192 2251 310 2295 dosa
341 2260 426 2307 pro
459 2260 550 2293 acc.
584 2247 697 2305 plur.
731 2256 873 2292 neutr.
908 2247 1048 2291 habes
1080 2245 1154 2304 (=
1187 2244 1432 2304 mendum).

250 2368 322 2414 85.
385 2367 471 2412 hic
518 2366 698 2423 magis
741 2365 798 2409 in
846 2377 1036 2411 cervos
1068 2365 1242 2409 valuit
1273 2366 1480 2410 metus:
1512 2368 1663 2410 metas
1694 2365 1780 2409 hoc
1811 2364 1911 2409 loco

127 2430 130 2435 ¹
191 2442 309 2486 idem
339 2449 406 2486 est
437 2447 568 2496 atque
590 2437 803 2495 formido
836 2437 1036 2483 Senecae
1066 2437 1165 2483 loco
1181 2437 1514 2494 supralaudato
1534 2436 1651 2495 (dial.
1676 2435 1752 2481 IV.
1775 2435 1817 2480 9.
1836 2434 1911 2494 5.),

191 2511 246 2558 cf.
293 2510 476 2556 Nemes,
523 2509 612 2554 304
658 2510 958 2565 volucresque
1005 2512 1161 2553 metu
1199 2508 1470 2553 concludere
1499 2507 1702 2564 praedas
1709 2520 1725 2562 ,·
1757 2506 1908 2551 Manil.

193 2583 269 2630 1v.
323 2581 405 2627 182
451 2585 495 2626 et
533 2592 704 2637 pacare
736 2584 890 2625 metu
920 2580 1069 2625 silvas
1098 2584 1146 2624 et
1174 2580 1330 2624 vivere
1360 2583 1508 2636 rapto.
1543 2579 1769 2625 Sententia
1801 2579 1909 2623 haec

189 2663 275 2701 est:
323 2654 432 2699 haec
478 2653 672 2698 formido
720 2654 860 2710 magis
892 2653 946 2696 ad
979 2664 1141 2698 cervos
1171 2653 1413 2710 captandos
1445 2651 1559 2695 utilis
1591 2660 1657 2696 est
1690 2663 1821 2707 quam
1853 2650 1908 2694 ad

190 2726 297 2771 alias
327 2724 445 2770 feras
475 2725 738 2782 capiendas;
772 2723 924 2780 magis
954 2722 1048 2768 fere
1079 2724 1196 2768 idem
1228 2733 1294 2768 est
1325 2732 1456 2779 atque
1484 2722 1771 2778 praesertim.

248 2795 447 2841 valuit:
480 2795 534 2841 cf.
567 2796 759 2840 adnotat.
794 2796 849 2839 ad
883 2808 947 2840 vs.
981 2795 1052 2839 45.

246 2915 398 2972 85186.
463 2916 551 2959 ast
582 2914 675 2960 ubi
706 2914 888 2958 lentae
920 2918 941 2966 Ι
970 2914 1241 2959 interdum
1275 2913 1471 2968 Libyco
1502 2912 1753 2956 fucantur
1783 2922 1906 2955 san-

190 2988 322 3044 dyce
367 2998 604 3042 pennae:
652 2987 730 3031 sed
778 2998 868 3030 non
900 2986 1044 3030 solum
1076 2986 1211 3041 cervi,
1243 2987 1374 3030 etiam
1407 2985 1569 3029 beluae
1600 2992 1836 3038 terrentur,
1867 2984 1906 3028 si

188 3071 361 3117 pennae
382 3059 521 3103 rubro
542 3058 693 3103 colore
715 3056 991 3112 inficiuntur3
1015 3058 1162 3102 cervis
1177 3058 1308 3114 igitur
1324 3064 1625 3114 opponuntur,
1644 3063 1690 3098 ut
1711 3055 1768 3099 ait
1786 3053 1907 3099 Voll-

190 3140 286 3174 mer
306 3127 485 3187 (Musee
507 3128 648 3187 Belge
676 3128 800 3184 1898,
824 3141 865 3186 p.
889 3127 1010 3187 233),
1032 3141 1190 3174 omnes
1213 3129 1367 3173 beluae
1390 3137 1770 3184 quantaecumque
1786 3133 1901 3170 sunt.
