2210 3568
0 1769 11 1913 ,ἶ

0 1921 9 1990 ξ

1000 264 1079 308 145

200 405 261 439 ex
290 393 509 451 pecuariis
540 390 699 437 Siculis
729 394 1014 451 comparabit,
1046 397 1219 452 quibus,
1251 397 1278 440 i.
1310 410 1349 444 e.
1381 411 1462 455 per
1492 412 1619 456 quos,
1651 403 1762 446 ausit
1798 415 1904 448 con-

189 463 375 510 tendere
404 472 559 509 contra
591 462 714 521 Epiri
744 477 899 521 equoS,
930 478 1044 523 quos
1078 465 1270 513 Graecia
1301 471 1378 514 vix
1410 473 1563 516 merita
1594 472 1732 530 gloria
1749 473 1901 531 afficit3

185 536 225 582 si
277 526 403 581 verbi
434 534 564 580 ausit
593 544 782 580 venator
812 536 1056 582 subiectum
1087 547 1168 593 est,
1200 551 1311 597 rogo
1342 543 1567 598 quomodo
1599 542 1757 589 Siculis
1786 545 1900 591 laudi

198 607 295 652 dari
341 607 480 665 possit
513 615 773 652 venatorem
806 606 980 652 Siculos
1010 621 1117 653 suos
1145 622 1287 667 equos
1315 624 1575 670 comparare
1606 616 1770 661 audere
1801 629 1901 662 cum

190 678 317 740 equis
365 690 524 735 parum
572 677 769 732 idoneis;
816 680 854 723 si
898 678 1081 724 Achaia
1126 682 1368 727 subiectum
1411 694 1489 739 est,
1521 697 1618 730 non
1649 687 1788 742 ausit,
1821 690 1900 734 sed

184 761 217 795 a
230 749 341 795 adet
359 758 694 807 exspectamus,

249 820 381 878 quis.
400 853 412 865 .
430 853 441 865 .
460 854 471 864 .
510 821 665 866 ausit:
695 822 794 878 quis
824 822 901 871 <iis
932 822 1010 878 (sc.
1029 821 1230 879 Siculis)>
1246 823 1494 881 Epiroticos
1509 839 1738 884 opponere
1754 832 1898 875 ausit?

223 907 225 909 ·
245 892 523 938 contendere
543 895 704 937 contra
725 913 784 929 =
799 904 1044 955 opponere,
1062 894 1267 939 conferre
1282 907 1406 940 cum:
1425 897 1478 941 cf.
1501 897 1643 943 Naev.
1667 899 1900 947 Ribbeck.²

184 963 305 1010 xlll.
337 963 450 1025 cave
480 964 555 1009 sis
587 967 718 1009 taam
749 965 1087 1010 conte'ndas
1120 966 1237 1011 iram
1268 970 1468 1013 contra
1499 981 1601 1013 cum
1633 970 1702 1015 ira
1735 972 1894 1018 Liberi.

768 1131 833 1177 10.
866 1132 986 1188 Equi
1018 1132 1308 1178 Macedones,
1338 1196 1341 1204 .

250 1287 353 1332 532.
388 1287 566 1332 Inutiles
596 1289 639 1331 in
674 1289 910 1333 venatione
941 1299 1041 1332 sunt
1073 1290 1173 1345 equi
1206 1301 1322 1344 quos
1338 1289 1578 1334 Ceraunus
1592 1303 1721 1336 mons
1731 1292 1892 1348 gignit.

239 1429 343 1476 532.
381 1431 654 1486 spadices:
685 1432 787 1487 equi
819 1431 1051 1488 phoenicei
1081 1431 1257 1487 coloris,
1289 1431 1460 1476 Batave
1494 1432 1893 1490 „kastanjebruin”,

149 1531 154 1534 -
181 1502 237 1548 cf.
273 1501 391 1548 Gell.
426 1501 482 1547 11.
514 1501 588 1547 26.
619 1501 649 1546 9
669 1515 764 1559 sqq.
800 1501 875 1546 111.
904 1502 945 1546 9.
963 1502 1016 1558 9;
1038 1502 1188 1557 Hehn,
1209 1503 1327 1547 Kult.
1346 1504 1436 1547 und
1456 1503 1719 1550 Haustiere³
1732 1519 1773 1562 p.
1791 1506 1892 1550 530.

243 1573 464 1622 Pellaei:
508 1573 644 1629 Pella,
679 1575 787 1619 urbs
819 1573 1135 1628 Macedoniae;
1157 1575 1226 1618 hic
1251 1574 1464 1618 Pellaeas
1484 1595 1540 1612 =
1564 1575 1893 1622 Macedonicus.

240 1643 495 1691 Cerauni:
547 1644 760 1691 Ceraunii
808 1655 981 1690 montes
1027 1644 1264 1703 (Κεραύνια
1311 1645 1413 1704 ὄρη),
1451 1648 1525 1703 qui
1572 1648 1615 1691 in
1661 1660 1741 1692 ora
1773 1648 1892 1705 Epiri

180 1726 296 1764 sunt.
329 1716 469 1762 Poeta
500 1729 658 1775 parum
690 1726 813 1761 curat
843 1716 1173 1774 geographiam.

774 1884 788 1927 1
806 1884 838 1927 1.
874 1883 996 1939 Equi
1027 1883 1300 1928 Phocenses,

235 2026 343 2072 533.
393 2025 653 2082 Cyrrhae:
690 2025 874 2084 Cyrrha
914 2025 1104 2084 (Κύρρα)
1135 2026 1206 2070 vel
1241 2025 1404 2071 Cirrha
1434 2026 1609 2085 (Κίρρα)
1639 2029 1747 2072 urbs
1764 2031 1893 2073 mari-

177 2100 282 2144 tima
313 2100 356 2143 in
391 2098 589 2144 Phocide
620 2100 715 2154 sita,
748 2111 890 2155 prope
922 2097 1193 2142 Parnassum
1226 2108 1437 2153 montem,
1471 2099 1663 2156 Apollini
1694 2112 1832 2144 sacra.

237 2169 338 2215 535.
355 2172 568 2216 tensas:
585 2170 801 2225 vehicula,
819 2170 977 2226 quibus
994 2169 1179 2214 deorum
1193 2170 1318 2226 signa
1330 2179 1459 2226 atque
1471 2172 1661 2215 exuviae
1671 2173 1715 2215 in
1728 2184 1891 2228 pompa

178 2241 530 2296 transferuntur3
578 2241 840 2286 Plutarchus
875 2239 1105 2285 Coriolan.
1136 2240 1195 2284 25
1227 2253 1302 2285 eas
1334 2242 1410 2288 τὰς
1440 2240 1699 2295 καλουμένας
1729 2243 1891 2296 θήσσας

175 2313 387 2368 nominat,
419 2312 474 2358 cl.
509 2312 710 2358 Festum:
748 2316 954 2366 „tensam
986 2313 1043 2356 ait
1060 2313 1211 2356 vocari
1237 2310 1416 2356 Sinnius
1441 2311 1604 2370 Capito
1625 2314 1890 2368 vehiculum,

120 2401 121 2404 ¹
174 2397 265 2443 quo
310 2385 500 2429 exuviae
546 2383 734 2427 deorum
780 2381 958 2426 ludicris
1005 2379 1295 2425 Circensibus
1326 2381 1380 2425 ad
1411 2381 1616 2438 pulvinar
1646 2381 1890 2436 vehuntur;

177 2456 258 2501 fuit
288 2465 332 2501 et
361 2467 420 2500 ex
452 2455 603 2509 ebore,
635 2463 682 2497 ut
712 2453 830 2510 apud
862 2451 1071 2496 Titinium
1104 2453 1146 2495 in
1182 2451 1391 2507 Barbam,
1422 2462 1465 2496 et
1494 2465 1552 2497 ex
1584 2455 1810 2510 argento“.

237 2527 295 2571 in
328 2525 592 2571 sacraria:
628 2534 700 2579 „ut
730 2536 856 2569 sacra
887 2533 930 2568 et
962 2525 1172 2581 mysteria
1203 2536 1337 2580 saepe
1369 2536 1451 2580 pro
1482 2526 1654 2569 arcanis
1675 2526 1888 2569 interiori-

179 2599 262 2645 bus
309 2600 467 2644 artium
514 2607 754 2655 ponuntur,
801 2598 857 2640 ita
899 2606 941 2640 et
970 2596 1180 2640 sacraria
1212 2605 1410 2652 possunt,
1443 2597 1814 2652 quemadmodum
1847 2606 1889 2640 et

174 2671 336 2728 adyta‘’
369 2668 646 2715 Wernsdorf.

238 2825 340 2870 536.
420 2823 646 2870 venanti
704 2822 896 2867 melius
947 2823 1152 2878 pugnat
1204 2822 1369 2865 color:
1423 2821 1622 2865 Vollmer
1672 2820 1885 2876 intelligit:

182 2897 368 2951 „melius
413 2906 479 2941 est
525 2896 721 2940 colorem
769 2907 866 2956 prov
900 2903 1112 2938 venatore
1145 2894 1385 2950 pugnare’',
1423 2891 1613 2936 Curcio:
1652 2892 1703 2944 „il
1738 2891 1887 2935 colore

180 2970 256 3026 piu
302 2968 384 3013 che
431 2968 471 3012 la
514 2968 651 3024 patria
683 2968 708 3010 e
740 2979 799 3009 un
833 2966 949 3009 buon
985 2965 1153 3020 alleato,
1186 2977 1244 3008 un
1278 2965 1395 3008 buon
1428 2963 1588 3007 indizio
1621 2974 1701 3019 per
1732 2962 1759 3005 il
1792 2974 1889 3006 cac-

180 3040 388 3085 ciatore.”
462 3038 531 3083 Ex
593 3039 660 3082 his
707 3037 1137 3094 interpretationibus
1184 3035 1289 3079 mihi
1336 3036 1500 3091 optima
1546 3034 1718 3079 videtur
1766 3034 1887 3090 prior

179 3111 414 3169 explicatio
449 3109 705 3163 Curcionis‚
739 3109 940 3153 venatori
972 3109 1151 3151 maioris
1183 3109 1312 3151 etiam
1346 3106 1556 3150 momenti
1587 3117 1718 3161 quam
1750 3105 1887 3161 patria

177 3195 396 3240 equorum
428 3192 494 3226 est
526 3182 672 3226 color:
706 3179 759 3224 cf.
797 3178 990 3236 Oppian.
1026 3178 1057 3222 1.
1091 3178 1177 3222 307
1209 3191 1302 3234 sqq.
1676 3247 1705 3290 0

295 3253 350 3299 11.
1655 3248 1666 3290 1
