2210 3568
1217 259 1275 304 98

450 388 598 433 Verba
628 388 823 444 vigilare
853 398 895 433 et
926 389 1091 433 adesse
1122 389 1280 435 eodem
1313 392 1446 435 modo
1478 393 1707 436 coniuncta
1743 393 1948 450 leguntur
1969 395 2091 452 apud

395 458 602 505 Ciceron.
624 458 722 504 Cat.
743 459 796 503 11.
813 459 842 503 9
859 471 930 503 me
947 459 1097 515 ipsum
1111 460 1315 516 vigilare,
1333 462 1513 516 adesse,
1526 463 1768 517 providere
1783 464 1851 508 rei
1861 465 2086 520 publicae.

449 600 698 644 338—340.
741 600 802 644 Hi
828 613 983 646 versus
1009 603 1175 661 partim*
1191 605 1386 660 corrupti
1412 606 1568 660 partim
1594 605 1788 650 lacunosi
1805 615 1919 662 sunt,
1936 618 2082 665 neque

390 673 622 728 quicquam
643 673 918 728 propositum
948 682 1014 717 est
1045 686 1068 716 a
1100 674 1331 729 prioribus,
1365 675 1483 730 quod
1515 676 1568 719 ab
1600 677 1719 719 omni
1750 685 1873 732 parte
1904 677 2082 734 placeat.

448 812 549 857 338.
581 825 735 857 arma
764 814 991 859 hacuere
1022 814 1159 859 vitai:
1192 817 1254 860 sic
1285 816 1469 872 legimus
1500 817 1543 859 in
1576 816 1639 871 Α;
1672 816 1969 863 difficillimum
2000 831 2082 876 pro

390 892 510 927 certo
554 893 744 928 statuere
789 886 893 942 quid
939 896 1067 937 poeta
1112 888 1349 943 scripserit,
1396 888 1715 943 simplicissima
1761 898 1826 932 est
1850 888 2085 944 Johnsonii

390 955 639 998 coniectura
698 966 829 1000 arma
889 968 1051 1000 acuere
1110 957 1270 1012 virum,
1327 959 1353 1002 i.
1401 970 1438 1001 e.
1487 971 1608 1002 arma
1659 950 1954 1003 Fortitudinem
2001 961 2083 1004 viri
2123 996 2125 999 ,

390 1035 566 1082 augent.

448 1097 597 1151 tegat
628 1097 767 1140 imas
794 1096 963 1141 fascia
994 1110 1173 1141 suras:
1206 1098 1336 1143 fascia
1368 1100 1539 1144 calceus
1572 1102 1823 1144 venatorius
1843 1111 1922 1156 est,
1945 1113 2081 1158 quem

390 1168 458 1210 alii
490 1169 728 1224 scriptores
758 1168 1027 1213 cothurnum
1056 1170 1284 1226 appellant,
1318 1170 1371 1214 cf.
1406 1170 1539 1227 Verg.
1575 1171 1727 1215 Bucol.
1761 1171 1802 1216 7.
1834 1171 1973 1226 31s32
1992 1172 2084 1216 levi

389 1238 446 1281 de
478 1250 700 1282 marmore
729 1242 827 1282 tota
856 1242 876 1292 s
903 1239 1097 1294 puniceo
1127 1240 1274 1284 stabis
1304 1252 1441 1285 suras
1471 1241 1651 1285 evincta
1675 1242 1897 1286 cothurno
1915 1242 2083 1300 (pastor

390 1309 636 1366 adloquitur
685 1309 911 1367 Dianam);
960 1310 1068 1354 Aen.
1111 1310 1142 1354 1.
1183 1311 1379 1359 336s337
1411 1311 1662 1367 virginibus
1699 1312 1842 1368 Tyriis
1882 1324 1982 1357 mos
2013 1317 2085 1357 est

385 1383 568 1435 gestare
609 1381 874 1435 pharetram
903 1385 923 1434 s
948 1393 1267 1436 purpureoque
1312 1383 1404 1426 alte
1448 1394 1584 1427 suras
1628 1383 1799 1427 vincire
1840 1384 2088 1439 cothurn03

393 1451 574 1495 Nemes.
630 1449 804 1508 Cyneg.
851 1452 909 1496 90
953 1451 1152 1496 candida
1176 1453 1389 1507 puniceis
1418 1457 1630 1509 aptentur
1660 1465 1792 1498 crura
1822 1454 2057 1499 cothurnis
2067 1467 2087 1507 ,·

390 1523 622 1567 utebantur
683 1534 916 1567 venatores
971 1524 1055 1568 hoc
1101 1524 1408 1580 calceamento,
1471 1537 1526 1569 ne
1568 1526 1764 1570 sentibus
1807 1526 2117 1583 silicibusque-

390 1593 667 1637 laederentur
698 1606 841 1638 crura.

448 1662 640 1707 fascia:
672 1664 725 1709 cf.
753 1665 1010 1710 Petronium
1032 1679 1069 1711 c.
1087 1666 1144 1710 40
1165 1668 1238 1723 qui
1256 1677 1512 1711 venatorem
1533 1668 1595 1711 sic
1617 1668 1844 1722 describit:
1869 1667 2087 1711 barbatus

390 1735 552 1790 ingens
573 1734 746 1791 fasciis
773 1737 1026 1780 cruralibus
1049 1737 1269 1792 alligatus
1295 1740 1339 1780 et
1362 1737 1533 1780 alicula
1552 1738 1834 1782 subornatus
1844 1738 2084 1794 polymita,

389 1806 634 1860 strictoque
663 1807 899 1851 venatorio
929 1808 1072 1852 cultro
1102 1808 1226 1851 latus
1256 1808 1358 1862 apri
1387 1808 1675 1852 vehementer
1698 1808 1940 1864 percussit.

447 1947 658 2002 339s340.
695 1947 755 1991 Hi
787 1961 944 1993 versus
974 1950 1169 1994 lacunosi
1200 1951 1256 1994 ita
1286 1952 1329 1994 in
1361 1951 1511 1995 codice
1542 1951 1767 2006 leguntur:

517 2052 556 2062 ..
597 2018 639 2062 is
662 2020 693 2074 ¹)
728 2019 921 2072 inulina,
952 2020 1054 2064 suis
1085 2024 1131 2063 et
1162 2024 1337 2076 tergore
1358 2019 1499 2077 fulvo

449 2088 517 2146 i2)
526 2121 713 2134 .......
753 2101 960 2146 canaque
990 2102 1015 2134 e
1047 2091 1192 2135 maele
1219 2091 1391 2146 galeri

456 2161 486 2214 1)
533 2169 674 2216 potest
720 2160 853 2204 fuisse
899 2161 941 2204 is
989 2162 1057 2205 vel
1095 2174 1172 2216 us;
1210 2166 1243 2216 2)
1273 2164 1486 2206 incertum
1518 2172 1596 2216 est,
1628 2172 1773 2206 utrum
1806 2163 1913 2207 haec
1944 2163 2082 2207 littera

391 2231 407 2274 i
439 2243 493 2274 an
521 2242 556 2285 p
586 2230 727 2275 fuerit.

450 2300 540 2345 Pro
572 2300 749 2344 inulina
782 2300 938 2344 Vlitius
968 2300 1162 2345 vitulina
1193 2303 1390 2355 coniecit,
1423 2302 1541 2358 quod
1572 2302 1675 2345 mihi
1707 2311 1874 2346 certum
1896 2302 2082 2346 videtur.

393 2370 515 2427 Quid
548 2384 656 2416 vero
687 2384 744 2415 ex
774 2371 935 2427 <pelle>
963 2371 1159 2415 vitulina
1189 2382 1230 2416 et
1261 2384 1319 2416 ex
1347 2372 1450 2416 suis
1480 2376 1654 2427 tergore
1675 2369 1814 2428 fulvo
1838 2371 1999 2416 factum
2014 2373 2084 2427 sit,

389 2455 479 2487 non
526 2444 610 2486 iam
657 2442 781 2486 facile
828 2443 956 2485 dictu.
1003 2442 1159 2486 Vlitius
1190 2445 1367 2498 putabat
1398 2443 1644 2487 manticam
1675 2443 1874 2498 describi,
1907 2443 1961 2487 de
1991 2455 2077 2499 qua

391 2512 731 2569 Ps.-Xenophon
779 2514 980 2569 loquitur,
1026 2512 1067 2556 2.
1109 2513 1138 2556 9
1175 2521 1368 2570 κυυοῦχος
1406 2515 1598 2570 μόσχειος,
1640 2513 1694 2558 cf.
1743 2513 1902 2558 Pollux
1935 2512 1990 2558 V,
2021 2513 2073 2557 31

390 2590 584 2638 κυνοῦχος
629 2582 672 2624 δὲ
718 2583 843 2638 δέρμα
888 2584 1087 2638 μόσχειον,
1134 2586 1187 2631 εἰς
1219 2586 1239 2624 ὃ
1270 2585 1487 2627 ἐντίθεται
1518 2587 1564 2625 τὸ
1597 2583 1778 2635 δίκτυον,
1811 2592 1870 2640 τῷ
1901 2584 2077 2640 σχήματι

389 2653 680 2708 πεποιημένον,
712 2655 848 2707 ὥσπερ
879 2655 932 2694 τὰ
963 2654 1183 2695 σύσπαστα
1213 2653 1439 2710 βαλάντια,
1470 2655 1549 2699 sed
1581 2667 1682 2699 cum
1714 2663 1842 2711 poeta
1872 2656 1915 2699 in
1948 2667 2082 2700 vena-

390 2735 486 2769 tore
541 2725 830 2769 describendo
885 2725 1059 2780 incipiat
1103 2737 1127 2768 a
1167 2726 1376 2780 pedibuS,
1424 2736 1465 2770 et
1512 2735 1783 2782 postremum
1828 2726 1883 2770 de
1928 2726 2076 2782 capite

389 2796 604 2852 loquatur,
653 2795 929 2839 verisimilius
975 2797 1135 2839 nostris
1182 2798 1380 2841 versibus
1426 2809 1679 2841 sermonem
1710 2809 1809 2841 esse
1850 2797 1904 2841 de
1936 2797 2077 2841 media

390 2867 591 2922 corporis
624 2876 758 2922 parte.

450 2949 687 2992 canaque
738 2949 766 2980 e
813 2937 983 2980 maele
1028 2937 1217 2991 galeri:
1263 2939 1436 2994 galerus
1482 2947 1547 2982 est
1592 2938 1940 2994 capillamentum
1989 2950 2077 2994 quo

389 3017 590 3064 pastores
636 3007 852 3064 agricolae
899 3018 1131 3051 venatores
1177 3010 1422 3063 utebantur,
1469 3008 1521 3053 cf.
1573 3007 1785 3064 Calpurn.
1835 3007 1922 3052 Ecl.
1973 3007 2004 3052 1.
2037 3008 2077 3051 7.

389 3078 563 3122 torrida
593 3089 671 3121 cur
699 3078 800 3121 solo
830 3075 1126 3133 defendimus
1157 3088 1243 3121 ora
1269 3079 1445 3133 galero.

451 3147 810 3193 Conficiebantur
840 3148 974 3205 galeri
1005 3160 1030 3192 e
1060 3148 1172 3204 pelle
1204 3150 1467 3194 animalium.
