2210 3568
1033 286 1061 330 5

287 452 298 462 .
315 451 328 462 .
366 419 413 463 in
440 417 515 464 illo
547 428 725 474 quoque
755 417 966 461 dissentio
984 428 1008 460 a
1032 415 1276 461 Posidonio
1307 416 1427 473 quod
1448 415 1716 461 ferramenta
1737 415 1909 461 fabrilia

72 535 74 537 ,
182 490 435 548 excogitata
481 501 507 533 a
553 488 824 546 sapientibus
870 488 980 531 viris
1024 488 1197 532 iudicat.
1231 488 1315 532 isto
1347 489 1464 532 enim
1498 487 1633 532 modo
1665 487 1779 533 dicat
1808 487 1909 532 licet

66 555 93 622 ζ,
147 561 410 619 ..sapientes
452 559 605 615 fuisse,
650 571 732 617 per
778 570 892 616 quos
941 567 1070 612 „tunc
1111 559 1279 616 laqueis
1316 568 1493 616 captare
1534 559 1653 604 feras
1683 568 1726 604 et
1755 558 1911 604 fallere

62 625 66 628 ⁴
121 640 123 642 ’
183 633 316 678 visco
344 633 575 676 inventum
606 639 650 675 et
679 642 867 687 magnos
897 630 1081 674 canibus
1112 630 1389 675 circumdare
1418 630 1597 675 saltus”.
1616 631 1767 675 omnia
1787 632 1906 675 enim

187 704 269 748 ista
298 703 513 760 sagacitas
543 701 789 756 hominum,
820 712 912 746 non
943 701 1155 757 sapientia
1187 701 1367 745 invenit.

251 806 297 822 ..
315 805 327 818 .
343 770 614 832 .(sapientia)
642 783 734 817 non
766 783 889 816 arma
919 783 1003 816 nec
1034 784 1188 816 muros
1220 784 1303 817 nec
1335 772 1450 817 bello
1476 773 1594 817 utilia
1610 773 1810 818 molitur.
1829 807 1839 818 .
1859 807 1870 818 .
1889 806 1900 818 .

187 856 279 891 non
309 853 391 900 est,
421 845 616 901 inquam,
647 844 1043 888 instrumentorum
1075 843 1131 887 ad
1162 855 1270 888 usus
1301 846 1578 889 necessarios
1609 844 1774 902 opifex.

187 1004 189 1007 ·
249 987 486 1033 Putaveris
534 984 758 1032 Grattium
800 986 846 1030 in
888 987 1121 1042 prooemio
1154 985 1395 1043 Epicurum
1427 995 1628 1031 secutum
1660 999 1774 1041 esse,
1807 999 1909 1032 cum

187 1071 326 1105 versu
372 1058 808 1116 quadringentesimo
854 1057 1079 1115 religionis
1120 1067 1357 1114 praecepta
1388 1067 1519 1102 vocet
1550 1061 1701 1102 metas
1730 1058 1911 1102 solacia

56 1181 57 1184 Ἴ
179 1129 318 1188 salsi.
366 1129 421 1176 Et
467 1142 627 1175 revera
675 1128 878 1174 Grattius
922 1141 1115 1187 quoque,
1146 1139 1194 1173 ut
1225 1128 1459 1186 Epicurus,
1492 1130 1626 1175 vitam
1659 1131 1909 1186 priscorum

58 1195 66 1228 ⁴
189 1201 420 1247 hominum
467 1202 762 1247 miserrimam
804 1201 944 1245 ducit:
977 1201 1076 1245 vita
1104 1204 1206 1245 erat
1235 1212 1361 1245 error
1393 1201 1442 1245 in
1472 1201 1614 1257 omni,
1647 1202 1910 1258 quibuscum

188 1273 460 1320 conferenda
488 1263 604 1326 sunt,
622 1285 736 1331 quae
753 1273 870 1330 apud
889 1272 1140 1318 Diodorum
1158 1271 1356 1318 Siculum
1373 1273 1560 1330 legimus
1576 1273 1625 1331 (1.
1644 1273 1685 1318 8.
1704 1272 1762 1331 5).
1797 1272 1910 1318 Eum

70 1349 75 1352 ’
130 1371 132 1374 >
188 1346 307 1390 enim
366 1344 544 1403 Epicuri
599 1346 844 1390 doctrinam
900 1354 1102 1389 secutum
1147 1356 1248 1389 esse
1295 1346 1465 1401 primus
1512 1345 1620 1389 vidit
1667 1344 1912 1401 Woltjerus

58 1418 62 1425 '
187 1425 364 1462 nostras
393 1415 605 1475 (Lucretii
636 1416 793 1474 philos.
827 1428 928 1460 cum
959 1415 1153 1460 fontibus
1185 1425 1453 1472 comparata,
1487 1429 1528 1473 p.
1570 1415 1652 1460 138
1682 1415 1810 1474 sqq.).

248 1487 480 1545 Diodorus
509 1498 656 1534 autem
687 1489 837 1533 scribit
867 1488 1001 1533 haec:
1046 1489 1147 1537 τοὺς
1187 1484 1262 1531 οὖν
1304 1488 1500 1541 πρώτους
1537 1495 1625 1531 τῶν
1656 1488 1909 1542 ἀνθρώπων

187 1558 366 1616 μηδενὸς
395 1568 481 1604 τῶν
511 1561 616 1613 πρὸς
643 1560 738 1618 βίον
772 1560 981 1615 χρησίμων
1012 1558 1236 1614 εὑρημένου
1266 1559 1482 1607 ἐπιπόνως
1523 1558 1702 1611 διάγειν,
1728 1560 1912 1613 γυμνούς

185 1633 264 1686 μὲν
302 1632 482 1686 ἐσθῆτος
522 1630 666 1684 ὄντας,
712 1631 907 1685 οἰκήσεως
954 1630 997 1672 δὲ
1038 1632 1109 1672 καὶ
1153 1632 1284 1686 πυρὸς
1315 1630 1480 1684 ἀήθεις,
1523 1638 1678 1686 τροφῆς
1719 1629 1910 1685 δ’ἡμέρου

182 1703 488 1762 ἀνεννοήτους.
531 1704 603 1745 καὶ
643 1704 724 1758 γὰρ
762 1705 844 1756 τὴν
876 1701 1131 1756 συγκομιδὴν
1162 1710 1239 1756 τῆς
1258 1689 1420 1756 ’ἀγρίας
1451 1710 1607 1756 τροφῆς
1644 1703 1911 1754 ἀγνοοῦντας

188 1773 395 1831 μηδεμίαν
434 1782 520 1818 τῶν
561 1782 736 1830 καρπῶν
778 1775 834 1822 εἷς
874 1775 952 1822 τὰς
988 1772 1149 1822 ἐνδείας
1193 1777 1412 1830 ποιεῖσθαι
1444 1775 1709 1829 παράθεσιν·
1741 1773 1808 1816 διὸ
1839 1775 1910 1814 καὶ

190 1844 378 1896 πολλοὺς
407 1847 551 1890 αὐτῶν
582 1844 861 1888 ἀπόλλυσθαι
893 1848 1007 1888 κατὰ
1039 1848 1140 1894 τούς
1170 1854 1375 1901 χειμῶνας
1406 1844 1478 1888 διά
1509 1861 1555 1886 τε
1588 1847 1638 1888 τὸ
1669 1846 1808 1902 ψύχος
1838 1848 1910 1887 καὶ

188 1919 272 1973 ’τὴν
301 1918 460 1962 σπάνιν
490 1925 567 1973 τῆς
592 1925 759 1972 τροφῆς.
791 1919 835 1960 ἐκ
867 1916 910 1960 δὲ
941 1925 1019 1960 τοῦ
1051 1918 1145 1959 κατ’
1177 1916 1317 1969 ὀλίγον
1349 1919 1435 1961 ὑπὸ
1467 1925 1544 1972 τῆς
1575 1918 1724 1972 πείρας
1756 1916 1908 1959 διδασ-

189 1988 385 2044 κομένους
430 1988 489 2038 εἴς
533 2005 580 2031 τε
627 1991 684 2031 τὰ
730 1987 925 2043 σπήλαια
972 1990 1256 2043 καταφεύγειν
1297 1991 1341 2031 ἐν
1384 1997 1445 2046 τῷ
1488 1997 1659 2045 χειμῶνι
1702 1992 1774 2030 καὶ
1820 1997 1910 2030 τῶν

191 2069 370 2116 καρπῶν
417 2063 516 2110 τούς
557 2059 859 2115 φυλάττεσθαι
904 2059 1163 2114 δυναμένους
1209 2061 1517 2103 ἀποτίθεσθαι.
1551 2060 1819 2114 γνωσθέντος
1866 2059 1909 2102 δὲ

191 2139 270 2174 τοῦ
294 2134 428 2188 πυρὸς
453 2135 523 2174 καὶ
549 2140 637 2174 τῶν
667 2131 811 2176 ἄλλων
834 2141 918 2176 τῶν
940 2133 1151 2188 χρησίμων
1176 2134 1288 2174 κατὰ
1305 2135 1451 2187 μικρὸν
1478 2134 1549 2174 καὶ
1581 2135 1680 2181 τὰς
1711 2132 1910 2188 τέχνας

192 2205 491 2259 εὑρεθῆναι
535 2206 608 2246 καὶ
664 2203 806 2246 τᾶλλα
852 2207 909 2246 τὰ
956 2203 1175 2258 δυνάμενα
1219 2206 1296 2246 τὸν
1344 2206 1485 2248 κοινὸν
1538 2205 1630 2261 βίον
1683 2203 1907 2259 ὠφελῆσαι.

191 2273 384 2318 καθόλου
412 2277 494 2331 γὰρ
525 2279 704 2320 πάντων
735 2278 834 2329 τὴν
874 2277 1065 2331 χρείαν
1099 2277 1272 2329 αὐτὴν
1311 2274 1668 2317 διδάσκαλον
1705 2275 1907 2328 γενέσθαι

191 2355 281 2395 τοῖς
324 2347 588 2403 ἀνθρώποις,
628 2347 920 2402 ὑφηγουμένην
958 2348 1115 2396 οἰκείως
1158 2350 1237 2401 τὴν
1286 2350 1465 2389 ἑκάστου
1520 2350 1713 2402 μάθησιν
1765 2348 1913 2400 εὐφυεῖ

193 2418 286 2475 ζῴῳ
327 2421 398 2461 καὶ
439 2419 665 2473 συνεργοὺς
704 2417 844 2475 ἐ’χοντι
883 2421 986 2475 πρὸς
1015 2421 1195 2463 ἅπαντα
1237 2427 1376 2475 χεῖρας
1406 2421 1476 2460 καὶ
1508 2418 1632 2472 λόγον
1663 2420 1735 2460 καὶ
1766 2426 1909 2474 ψυχῆς

190 2490 430 2547 ἀγχίνοιαν.

253 2561 303 2607 ln
334 2561 421 2607 hoc
451 2571 598 2607 tamen
633 2560 834 2607 Grattius
864 2564 920 2607 ab
953 2562 1146 2620 Epicuro
1177 2563 1338 2619 differt,
1372 2563 1491 2621 quod
1522 2573 1640 2609 artes
1678 2575 1770 2608 non
1808 2572 1911 2615 usu,

148 2678 152 2683 .
191 2633 273 2679 scd
302 2633 539 2689 sapientia
569 2635 773 2695 inventas
804 2644 936 2691 putat.
974 2634 1077 2680 Hoc
1108 2636 1240 2692 igitur
1271 2648 1296 2680 a
1329 2635 1574 2680 Posidonio
1605 2635 1804 2692 sumpsit.

255 2704 394 2750 Ratio
439 2715 600 2760 autem,
648 2706 704 2750 de
750 2718 836 2762 qua
881 2706 1073 2763 loquitur
1123 2705 1338 2762 Grattius,
1386 2720 1410 2752 a
1453 2706 1624 2752 Seneca
1675 2705 1911 2761 sapientia

213 2796 271 2813 =
302 2775 543 2835 φιλοσοφία)
574 2786 784 2831 vocatur;
815 2778 945 2822 etiam
978 2778 1095 2835 apud
1131 2776 1402 2823 Ciceronem
1433 2778 1631 2837 (Tuscul.
1665 2778 1696 2822 1.
1729 2777 1802 2821 26.
1834 2775 1912 2834 64)

195 2847 476 2905 philosophia
522 2848 729 2893 omnium
771 2851 918 2892 mater
946 2849 1116 2894 artium
1147 2859 1228 2904 est,
1261 2850 1314 2895 cf.
1348 2852 1478 2895 etiam
1510 2851 1567 2895 de
1598 2859 1706 2895 orat.
1742 2848 1772 2892 1.
1805 2848 1849 2903 3,
1881 2847 1911 2891 9

196 2916 344 2975 neque
389 2919 513 2964 enim
558 2923 604 2964 te
635 2919 769 2977 fugit
798 2920 1004 2965 omnium
1035 2921 1330 2966 laudatarum
1361 2922 1532 2966 artium
1558 2919 1912 2977 procreatricem

199 2991 434 3046 quandam
464 2995 509 3036 et
540 2992 677 3047 quasi
703 2995 944 3047 parentem
975 3004 1094 3049 eam,
1125 3005 1263 3049 quam
1279 2992 1528 3047 φιλοσοφίαν
1553 2991 1716 3038 Graeci
1730 2994 1910 3046 vocant,

195 3062 258 3106 ab
287 3061 554 3108 hominibus
582 3062 871 3108 doctissimis
903 3063 1113 3109 iudicari.

258 3203 300 3249 6.
361 3207 415 3250 te
447 3205 668 3259 sociam,
701 3206 878 3260 Ratio,
905 3209 1066 3252 rebus
1087 3219 1366 3262 sumpsere
1388 3206 1664 3263 gerendis:
1688 3205 1741 3251 cf.
1762 3205 1913 3251 Manil.
