2210 3568
995 269 1067 314 131

170 407 225 465 se
268 407 352 442 nec
392 396 600 453 proicere
646 390 711 442 ad
753 402 922 444 terram
959 401 1130 456 poterit
1161 413 1243 446 nec
1273 403 1492 448 cervicem
1540 399 1762 451 inclinare
1808 420 1892 452 nec

48 450 53 495 ’Ϊ
111 519 113 521 ,
170 467 301 513 nulla
341 468 649 513 commissura
687 471 861 525 pedum
892 471 1094 528 flectere.
1144 472 1217 517 hic
1247 474 1333 518 erit
1379 475 1505 531 ligno
1551 476 1733 532 similis,
1767 479 1890 523 unde

168 538 418 585 tuberosus
446 539 601 585 dictus
631 544 715 585 est.
750 553 845 597 eqs.

233 608 407 656 Conler
452 612 583 656 etiam
631 611 947 670 Pelagonium:
982 615 1068 669 (ed.
1104 615 1199 659 Ihm
1231 615 1354 673 294.)
1388 619 1560 663 robur
1589 619 1634 664 si
1665 619 1713 664 in
1739 624 1891 676 poste-

170 680 292 727 riore
331 683 467 738 parte
512 682 613 736 erit,
659 683 798 739 signa
841 684 956 729 haec
1001 689 1159 730 erunt.-
1190 698 1324 732 crura
1357 688 1474 733 inter
1504 702 1557 735 se
1587 691 1890 748 compacabit,

170 756 305 798 erant
332 754 481 799 umeri
511 758 557 798 et
579 755 742 800 cervix
773 767 918 811 iisque
949 761 1087 813 caput
1106 758 1272 814 rigida,
1291 763 1427 804 erunt
1442 762 1563 806 oculi
1578 763 1888 820 lacrimantes,

168 825 254 870 sed
283 828 328 870 et
359 826 556 871 caudam
589 826 788 882 rigidam
820 827 1015 872 habebit.

230 955 334 1002 465.
365 956 467 1001 illi:
498 970 559 1003 sc.
593 960 768 1003 morb0.

171 1043 174 1047 ·
228 1027 374 1073 hinc:
405 1042 431 1074 a
461 1029 549 1075 deo
579 1031 764 1086 eiusque
796 1030 940 1076 donis,

228 1157 330 1205 466.
363 1147 547 1204 valida
579 1162 888 1206 vementIus
919 1162 1026 1206 ira:
1060 1165 1103 1209 vi
1137 1165 1279 1209 morbi
1312 1165 1426 1209 illius
1458 1167 1691 1222 potentius.

229 1288 332 1335 467.
378 1291 538 1346 quod>
569 1292 801 1346 primam
849 1293 896 1336 si
936 1292 1087 1339 fallet
1119 1307 1276 1350 opem
1309 1295 1535 1339 dimissa
1565 1295 1821 1340 facultas:
1854 1299 1890 1342 si

168 1369 316 1406 tamen
362 1364 504 1420 prima
552 1364 758 1409 medendi
806 1367 1112 1422 opportunitas
1160 1368 1358 1424 neglecta
1406 1378 1472 1412 est
1518 1369 1574 1412 ita
1621 1378 1667 1412 ut
1698 1372 1888 1425 primum

167 1432 393 1489 auxilium,
425 1434 547 1491 quod
578 1435 689 1480 deus
719 1436 826 1480 dare
859 1445 1075 1492 potuerat,
1107 1439 1279 1482 irritum
1312 1440 1367 1483 sit
1398 1438 1575 1483 iactum.

228 1563 330 1610 468.
362 1566 733 1622 praecipitem.
753 1601 763 1612 .
784 1602 794 1612 .
813 1602 823 1612 .
864 1568 1066 1614 labem:
1084 1570 1289 1614 morbum
1316 1570 1517 1614 celeriter
1538 1581 1888 1627 gravescentem,

166 1637 385 1689 ,robur'fi

228 1719 336 1764 qua
381 1720 508 1764 spes
554 1711 638 1756 est
678 1712 949 1766 proxima:
977 1713 1177 1768 primam
1207 1712 1332 1757 enirn
1364 1724 1497 1768 opem
1520 1711 1711 1770 ferendi
1733 1711 1888 1771 facul-

162 1781 311 1824 ‘tatem
342 1781 588 1839 neglexisti.

225 1909 325 1956 469.
359 1912 676 1969 adgredere:
710 1915 974 1959 vocabulum
1007 1915 1062 1959 ad
1095 1924 1236 1959 artem
1270 1915 1474 1959 medendi
1507 1917 1743 1972 pertinens.

224 1983 480 2028 tumultu:
510 1985 722 2042 quidquid
753 1986 897 2031 subito
929 1996 1104 2044 praeter
1134 1988 1508 2043 exspectationem
1540 1987 1706 2032 accidit.

225 2055 302 2099 et:
334 2056 479 2100 etiam.

159 2234 166 2238 ,
223 2184 324 2230 470.
358 2186 707 2243 stringendae
739 2200 923 2233 nares:
956 2189 1111 2234 leviter
1145 2189 1460 2244 vulnerandae,
1493 2189 1548 2234 cf.
1582 2202 1647 2233 vs.
1680 2188 1783 2233 364.

225 2257 279 2301 et
322 2257 453 2302 bina
497 2258 759 2315 ligamina
804 2259 943 2305 ferro
989 2265 1009 2314 Ι
1049 2272 1348 2305 armorum:
1382 2262 1424 2304 in
1459 2260 1498 2304 A
1531 2261 1688 2318 legitur
1719 2261 1759 2306 &
1790 2273 1852 2304 na
1865 2274 1882 2312 ,-

163 2329 391 2384 quomodo
423 2329 508 2375 hoc
538 2331 867 2376 emendandum
898 2333 951 2377 sit
988 2334 1238 2390 quaeritur;
1262 2334 1455 2390 primum
1481 2341 1626 2376 tamen
1650 2332 1882 2376 videamus

163 2401 268 2457 quid
317 2402 582 2447 vocabulum
629 2402 855 2459 ligamina
900 2404 970 2448 hic
1017 2405 1098 2448 sibi
1143 2404 1269 2459 velit;
1305 2403 1517 2448 Barthius
1550 2402 1883 2448 Wernsdorflus

165 2471 419 2518 Vollmerus
465 2475 525 2526 (in
548 2466 670 2519 'suae
701 2475 905 2520 editionis
937 2485 1149 2532 apparatu
1182 2477 1351 2531 critico)
1384 2475 1617 2519 musculos
1648 2486 1881 2519 armorum

162 2543 418 2601 intelligunt,
464 2546 624 2602 quibus
672 2547 790 2591 velut
822 2547 1017 2604 ligaturis
1049 2548 1249 2592 membra
1281 2556 1617 2601 connectuntur,
1651 2546 1729 2590 sed
1763 2559 1804 2589 v.
1839 2546 1879 2589 d.

165 2613 333 2660 Curcio
380 2617 492 2662 bene
540 2618 749 2662 intellexit
791 2619 906 2663 aliud
953 2619 1057 2675 quid
1105 2620 1377 2676 exspectari:
1426 2619 1482 2663 da
1529 2617 1753 2673 ligamina
1786 2629 1881 2662 cre-

161 2688 310 2733 diamo
341 2701 432 2733 non
462 2691 499 2733 si
531 2702 665 2747 possa
697 2699 839 2734 trarre
856 2691 966 2735 altro
989 2690 1247 2748 significato,
1266 2699 1620 2744 comunemente,
1637 2689 1720 2734 che
1737 2689 1880 2746 quelle

160 2759 204 2804 di
255 2761 511 2816 „muscoli”‚
559 2770 729 2806 mentre
776 2762 850 2818 qui
881 2761 1113 2806 dovrebbe
1144 2762 1338 2806 trattarsi
1371 2762 1580 2817 piuttosto
1613 2760 1655 2803 di
1693 2761 1878 2813 „vene”.

121 2833 123 2837 ⁴
161 2830 416 2876 Vollmerus
447 2831 628 2890 (Musee
661 2832 800 2890 Belge
839 2831 964 2887 1898,
982 2845 1038 2890 p.
1071 2832 1177 2891 236)
1210 2842 1336 2876 antea
1375 2833 1878 2879 conieceratet<ter>na

159 2901 383 2959 ligamina
421 2901 558 2960 ferto
605 2914 858 2947 armorum:
908 2903 1106 2947 medicus
1148 2905 1285 2960 pedes
1325 2916 1483 2947 canum
1517 2912 1643 2946 terno
1675 2903 1879 2958 ligamine

161 2974 337 3029 vinciat,
383 2987 440 3019 ne
486 2976 531 3019 in
577 2987 716 3033 opere
764 2976 962 3019 turbetur
995 2975 1065 3019 vel
1098 2984 1220 3019 motu
1253 2975 1326 3019 vel
1359 2986 1511 3018 morsu
1545 2974 1765 3027 morbosi;
1797 2973 1877 3016 sed

159 3046 279 3107 iure‘
302 3055 455 3103 postea
496 3047 577 3091 has
619 3047 920 3091 correctiones
952 3047 1132 3102 sprevit,
1167 3055 1212 3090 ut
1247 3058 1363 3089 nunc
1397 3045 1632 3089 ostendere
1664 3045 1875 3088 conabor.
1943 3040 1950 3044 '

160 3114 318 3162 Credo
347 3118 466 3162 enim
498 3130 597 3162 mea
629 3118 713 3162 loci
744 3117 1037 3173 explicatione
1068 3116 1344 3161 difficultates
1376 3117 1505 3173 plane
1537 3115 1640 3159 tolli.

223 3185 346 3244 Quid
377 3188 602 3245 ligamina
633 3191 731 3244 sint,
765 3188 895 3233 docet
915 3188 1040 3233 locus
1065 3186 1295 3242 Chironis,
1319 3199 1451 3244 quem
1475 3198 1609 3243 supra
1630 3187 1875 3244 exscripsi;
