2210 3568
1148 216 1206 260 36

387 344 459 391 Sic
504 345 832 403 interpretando
879 346 1127 390 coniunctio
1173 349 1250 390 ast
1295 348 1385 391 vim
1431 360 1555 392 suam
1605 348 1747 411 habet*
1773 362 1905 406 quam
1935 363 2026 396 non

328 418 598 475 perspiciens
643 429 686 461 v.
732 416 772 460 d.
825 415 884 460 H.
926 414 1121 461 Schenkl
1152 416 1224 476 (zu
1260 416 1402 462 Gratt.
1438 431 1479 474 p.
1513 418 1618 476 422)
1649 431 1730 476 pro
1761 420 1899 476 siqua
1928 433 2028 479 pro-.

324 490 469 545 posuit
498 488 621 532 sima
650 487 806 531 collato
839 486 1144 532 Pseudo-Xen.
1181 486 1300 545 Cyn.
1341 490 1407 533 10.
1448 488 1510 532 13.
1570 514 1579 524 .

388 559 582 613 Libyco
629 557 887 612 sandyce:
919 558 1041 602 solus
1084 556 1284 603 Grattius
1320 571 1351 614 y
1381 560 1567 604 litteram
1599 561 1778 617 genitivi
1808 561 2028 618 sandycis

326 630 529 686 corripit;
562 629 763 685 producit
793 641 831 673 e.
865 641 905 685 g.
941 628 1199 685 Propertius
1232 629 1400 685 illaque
1427 630 1610 686 plebeio
1637 631 1710 674 vel
1733 631 1798 675 sit
1811 632 2030 688 sandycis

325 700 527 755 amicta;
570 699 624 744 cf.
672 698 867 744 Turneb.
911 699 1100 744 Advers.
1135 699 1232 744 XV.
1264 699 1344 755 203
1378 699 1562 746 Salmas.
1596 702 1651 745 ad
1683 699 1820 747 Solin.
1851 715 1893 759 p.
1925 702 2028 748 810.

382 840 454 885 87.
517 839 785 895 linteaque
817 839 1080 895 expositis
1110 841 1288 885 lucent
1309 842 1605 886 anconibus
1627 853 1801 886 arma:
1825 854 2031 888 ancones

324 911 400 970 (—--.-
429 911 622 967 cubitus,
669 910 868 969 dyxffivaec)
913 920 1013 955 sunt
1060 910 1208 956 furcae
1255 911 1350 970 (des
1396 914 1621 971 baguettes
1668 908 1924 972 fourch'ues)
1983 915 2028 959 in

328 983 487 1040 quibus
517 984 757 1026 innituntur
789 981 929 1037 funes,
962 995 986 1026 a
1018 983 1175 1038 quibus
1196 982 1370 1039 plumae
1391 984 1663 1040 dependent;
1685 985 1802 1041 apud
1826 982 2030 1030 Graecos

328 1055 610 1098 nominantur
669 1052 875 1108 σχαλίδες,
936 1053 990 1097 de
1046 1054 1204 1109 quibus
1252 1053 1697 1111 Pseudo-Xenophon
1743 1055 1785 1100 2.
1831 1054 1860 1099 7
1921 1055 2030 1100 haec

328 1124 481 1169 refert:
528 1126 572 1164 αἱ
602 1123 645 1165 δὲ
676 1122 936 1179 σχαλίδες
978 1132 1063 1166 τῶν
1103 1126 1177 1176 μὲν
1208 1124 1376 1179 ἀρκύων
1407 1127 1456 1166 τὸ
1485 1133 1611 1179 μῆκος
1643 1124 1742 1167 δέκα
1772 1124 2027 1168 παλαιστῶν

328 1194 404 1253 (75
451 1194 575 1252 cM.),
622 1194 809 1236 ἔστωσαν
857 1193 899 1236 δὲ
945 1196 1014 1235 καὶ
1060 1193 1285 1242 ἐλάττους·
1334 1196 1378 1235 αἱ
1416 1197 1490 1248 μὲν
1524 1194 1660 1237 ἄνισοι
1693 1197 1838 1238 αὐτῶν
1868 1199 1913 1239 ἐν
1943 1201 2031 1245 τοῖς

331 1264 601 1320 ἑτεροκλινέσι
640 1264 945 1323 (proclivibus)
986 1273 1073 1306 τῶν
1115 1266 1291 1320 χωρίων,
1320 1266 1374 1308 ἵν’
1410 1265 1479 1307 ἰ’σα
1511 1268 1567 1307 τὰ
1598 1267 1694 1321 ὕψη
1724 1266 1952 1323 ἐξαίρουσιν,
1987 1269 2031 1312 ἐν

329 1336 371 1379 δὲ
418 1341 504 1384 τοῖς
554 1335 748 1390 ὁμαλέσιν
793 1337 837 1377 αἱ
874 1336 982 1377 ἴσαι·
1015 1332 1143 1377 αὗται
1176 1335 1213 1377 δ’
1246 1337 1587 1392 εὖπερίσπαστοι,
1619 1340 1675 1379 τὰ
1705 1339 1815 1393 ἄκρα
1845 1339 1916 1378 καὶ
1947 1333 2030 1379 αὖ·-

330 1424 402 1449 ται
451 1406 573 1449 λεῖαι.
636 1415 722 1450 τῶν
768 1405 811 1448 δὲ
855 1405 1024 1450 ἐνοδίων
1069 1405 1307 1460 διπλάσιαι,
1385 1408 1400 1448 ἱ
1445 1406 1487 1449 δὲ
1534 1416 1620 1452 τῶν
1661 1408 1845 1450 δικτύων
1878 1410 1927 1450 τὸ
1957 1410 2030 1463 μὲν

329 1478 504 1532 μέγεθος
535 1479 889 1530 πεντασπίθαμοι
921 1477 959 1535 (l
1000 1477 1063 1522 M.
1104 1478 1186 1536 15),
1218 1477 1378 1532 δικρα
1408 1478 1588 1537 (furcas)
1618 1477 1783 1535 ’ἔχουσαι
1813 1482 1954 1535 μικρά,
1974 1482 2031 1521 τὰ

332 1550 581 1603 ἐντμήματα
622 1551 677 1602 μὴ
716 1548 857 1605 βαθέα
869 1566 884 1600 ,·
930 1548 983 1593 cf.
1033 1549 1259 1594 Pollucem
1293 1549 1346 1593 V.
1380 1549 1461 1604 313
1495 1550 1611 1606 apud
1645 1549 1838 1607 Oppian.
1872 1549 2049 1608 Apamss

331 1620 410 1666 IV.
444 1620 515 1664 67.
538 1619 609 1664 71.
641 1619 734 1663 121.
757 1619 847 1663 380
881 1618 1074 1667 στάλικες
1096 1630 1323 1675 vocantur,
1346 1633 1384 1665 e.
1407 1633 1446 1677 g.
1486 1620 1560 1664 121
1601 1619 1758 1675 ἄρκυας
1793 1620 2031 1675 ἀσσυτέροις

335 1691 648 1745 ἐπιδειμάμενοι
680 1705 704 1732 c
714 1706 740 1731 τ
753 1706 781 1731 α
793 1689 817 1731 λ
831 1691 877 1731 ίκ
888 1706 904 1731 ε
917 1705 973 1731 σσ
985 1708 1011 1732 ι.

394 1762 496 1807 Illae
533 1760 702 1818 furcae
748 1761 873 1818 apud=
898 1761 1124 1805 Romanos
1155 1763 1283 1805 etiam
1314 1762 1416 1806 vari
1446 1761 1739 1818 appellantur;
1773 1762 1825 1806 cf.
1860 1762 2028 1807 Lucan.

333 1828 409 1878 IV.
442 1833 530 1877 439
559 1836 642 1877 aut
680 1832 789 1876 dam
819 1832 1064 1887 dispositis
1094 1833 1289 1876 adtollat
1318 1832 1436 1876 retia
1466 1831 1626 1876 varis
1656 1835 1675 1887 s
1706 1835 1909 1887 venator,
1942 1833 2029 1877 vid.

330 1905 563 1961 imaginem
594 1903 636 1959 2,
669 1915 768 1960 pag.
800 1902 879 1947 24.

395 1975 644 2019 lintea...
683 1985 860 2018 arma:
890 1974 1007 2018 Funis
1037 1987 1095 2019 ex
1125 1974 1214 2018 lino
1246 1974 1415 2030 plexus.

391 2115 464 2160 88.
524 2127 707 2160 rarum
753 2116 801 2159 si
846 2127 952 2171 qua
991 2117 1168 2160 metus
1199 2115 1375 2160 eludet
1406 2115 1562 2159 belua
1591 2114 1779 2158 falsos:
1811 2123 1904 2158 tum
1931 2104 2030 2160 'fere

335 2199 624 2244 unaquaeque
656 2187 782 2231 belua
813 2189 1058 2244 exagitatur
1087 2198 1256 2244 pavore
1292 2188 1488 2240 „metus”
1520 2185 1627 2230 falsi.

867 2339 942 2385 De
972 2340 1177 2395 laqueis
1207 2341 1262 2385 et
1291 2339 1506 2394 pedicis.

396 2470 468 2515 89.
501 2481 629 2514 nam
666 2468 767 2513 fuit
798 2470 854 2514 et
884 2469 1088 2524 laqueis
1115 2469 1309 2524 aliquis
1338 2467 1640 2513 curracibus
1659 2478 1813 2513 usus:
1844 2477 2027 2511 nam...

337 2544 413 2587 et:
460 2552 567 2586 nam
598 2541 683 2585 hoc
714 2540 811 2584 loco
843 2538 1113 2588 ἐλλειπτικῶς
1144 2541 1395 2584 adhibetur:
1426 2539 1533 2589 <sed
1563 2548 1606 2583 et
1635 2538 1716 2582 alia
1746 2539 2032 2581 instrumenta

336 2625 461 2657 suam
509 2612 669 2656 habent
714 2611 977 2666 utilitatem>
1021 2623 1128 2655 nam
1173 2613 1302 2655 etiam
1347 2611 1488 2667 laquei
1528 2621 1732 2654 curraces
1762 2607 1888 2652 utiles
1917 2617 2030 2652 sunt.

338 2684 406 2728 Ex
447 2683 518 2727 tali
548 2695 631 2726 usu
672 2683 810 2726 oritur
842 2682 1043 2726 vocabuli
1075 2683 1155 2736 vis,
1187 2694 1318 2738 quam
1350 2682 1466 2738 apud
1496 2682 1734 2737 scriptores
1764 2680 2032 2736 posteriores

338 2755 489 2798 habet:
523 2765 631 2798 nam
662 2756 708 2796 et
738 2773 793 2790 =
825 2752 908 2796 sed
939 2755 1000 2806 et,
1030 2752 1082 2796 cf.
1117 2752 1319 2796 Schmalz
1346 2752 1386 2808 4,
1410 2765 1450 2809 p.
1469 2751 1569 2806 504,
1606 2760 1648 2795 et
1677 2750 1821 2795 Victor
1839 2751 1897 2794 de
1919 2748 2032 2803 Vita,

340 2825 371 2869 l.
412 2825 473 2868 12.
509 2824 640 2881 Apud
674 2823 960 2867 Dracontium
993 2834 1101 2866 nam
1133 2844 1188 2860 =
1219 2835 1275 2867 ac
1305 2823 1375 2867 vel
1405 2823 1501 2866 sed.

399 2894 624 2951 laqueis.
646 2930 654 2938 .
676 2928 713 2938 ..
785 2893 1111 2938 curracibus:
1174 2894 1293 2950 quod
1339 2905 1479 2950 genus
1522 2891 1778 2948 laqueorum
1823 2888 2032 2946 significet

337 2966 598 3011 adiectivum
644 2976 822 3020 carrax,
867 2976 997 3008 nemo
1028 2965 1216 3020 scriptor
1249 2965 1451 3020 antiquus
1481 2962 1621 3017 docet,
1653 2972 1796 3017 neque
1826 2961 2030 3016 cuiquam

259 3032 262 3036 ’
337 3039 633 3081 recentiorum
675 3036 864 3092 contigit,
897 3043 942 3078 ut
974 3044 1139 3078 certam
1175 3035 1577 3091 interpretationem
1607 3032 1742 3075 daret.
1807 3030 1875 3074 Ex
1905 3030 2033 3073 inter-

341 3109 654 3164 pretationibus
686 3107 922 3164 propositis
952 3105 1106 3161 eligam
1139 3114 1239 3149 tres.
