2210 3568
1234 238 1292 283 94

414 370 594 425 regione
650 369 733 412 dici
779 378 932 424 potest.
985 368 1113 413 Cave
1159 382 1214 414 ne
1261 381 1361 413 cum
1409 370 1505 413 viro
1546 369 1676 413 docto
1732 368 1899 414 Curcio
1940 373 2113 416 metunt
2192 346 2210 438 Ξ

418 440 663 493 „incolunt”
706 448 866 493 vertas,
908 451 1038 495 quem
1080 441 1123 483 in
1165 452 1363 484 errorem
1404 439 1590 502 fortasse
1621 440 1789 484 induxit
1820 441 1943 485 locus
1973 441 2112 498 qualis
2147 462 2150 466 >
2198 439 2210 458 '²

415 508 489 553 Sil.
539 509 627 553 Ital.
678 508 796 552 VIII.
844 509 931 553 565
978 510 1057 565 qui
1087 511 1304 554 Batulum
1335 511 1607 565 Nucrasque
1638 509 1788 567 (urbes
1823 509 2113 569 Campaniae)
2199 512 2201 516 ’

414 584 586 624 metunt
597 593 612 633 ‚·
643 589 796 624 nostro
827 582 943 624 enim
976 582 1074 625 loco
1106 585 1277 626 metunt
1310 581 1523 637 significat
1553 581 1770 637 colligunt
1799 593 1868 626 ex.
1939 620 1942 622 .
2197 610 2210 636 ᾗ,

472 650 785 708 nardiferum:
831 651 884 695 cf.
937 651 1049 696 Hor.
1101 651 1189 696 Od.
1240 651 1291 695 11.
1347 652 1410 694 11.
1463 651 1514 694 13
1551 663 1633 695 cur
1670 663 1762 696 non
1796 652 1882 696 sub
1913 652 2011 696 alta
2039 646 2114 696 vel
2200 650 2210 702 J'v

407 723 602 777 platano
631 723 704 766 vel
735 722 821 766 hac
849 727 870 780 A
895 723 1011 778 pinu
1044 723 1244 766 iacentes
1273 723 1343 766 sic
1372 726 1539 766 temere
1571 726 1616 766 et
1646 734 1756 767 rosa
1784 728 1803 777 s
1836 734 1977 770 canos¹
2006 723 2113 767 odo-

413 793 505 836 rati
534 793 739 848 capillos,
770 797 790 847 s
821 794 930 837 dum
975 794 1092 846 licet,
1134 793 1415 848 Assyriaque
1455 793 1602 836 nardo
1641 796 1660 847 l
1698 797 1916 849 potamus
1955 792 2114 839 uncti?

412 863 613 916 Nardus‚
659 864 760 908 fem.
809 877 906 920 gen.
954 864 1042 922 (vel
1088 865 1303 921 nardum)
1351 863 1433 908 Gr.
1481 866 1505 917 ἦ
1551 864 1713 919 νάρδος,
1759 865 1874 921 apud
1922 864 2113 909 Plinium·
2155 876 2157 878 ·

411 933 488 991 (Ν.
527 934 584 978 Η.
625 935 722 980 ΧΙΙ,
754 935 828 992 45)
859 936 1053 979 nardum
1083 934 1348 993 (Syriacum,
1385 934 1619 989 Gallicum,
1657 934 1885 981 Creticum
1915 934 2016 993 etc.)
2045 943 2111 982 est
2172 986 2176 990 ⁴
2206 944 2210 966 ÷

411 1004 558 1049 frutex
604 1008 727 1062 gravi
773 1016 816 1050 et
861 1019 1008 1050 crassa
1055 1008 1200 1050 radice
1246 1006 1323 1050 sed
1366 1007 1489 1050 brevi
1532 1018 1581 1050 ac
1619 1008 1756 1063 nigra,
1800 1018 1934 1059 saepe
1965 1007 2111 1051 tamen
2202 1016 2210 1026 Ὢ

412 1076 586 1120 nardus
618 1089 700 1133 pro
732 1081 960 1132 unguento
991 1077 1187 1121 nardino
1219 1078 1459 1120 adhibetur.

472 1147 722 1202 vitiisque
768 1147 1101 1191 ministrant:
1165 1146 1426 1198 δουλεύουσι,·
1483 1140 1666 1192 ministri
1714 1149 1784 1192 vel
1831 1149 1950 1193 servi
2010 1155 2111 1192 sunt

413 1228 632 1262 vinorum.

469 1371 568 1414 315.
603 1371 677 1415 sic
701 1372 754 1415 et
777 1371 1140 1416 Achaemenio
1166 1371 1415 1424 cecidisti,
1442 1372 1624 1425 Lydia,
1649 1371 1807 1427 Cyro:
1833 1374 1889 1416 ita
1906 1372 2110 1426 cecidisti,

414 1440 567 1498 Lydia,
617 1451 663 1485 ut
708 1440 821 1498 Cyri
859 1443 1040 1486 dicionis
1073 1442 1220 1495 lieres;
1254 1443 1368 1486 cado
1399 1443 1540 1486 alicui
1571 1463 1626 1479 =
1659 1445 1712 1487 ab
1745 1444 1889 1500 aliquo
1921 1452 2112 1499 proster-

411 1524 510 1567 nor,
541 1512 594 1556 cf.
632 1511 1076 1570 Kiihner-Stegmann
1112 1513 1163 1557 11.
1201 1515 1235 1556 1.
1269 1527 1310 1570 p.
1343 1513 1429 1557 325
1461 1514 1592 1558 Anrn.
1632 1514 1695 1558 12.
2112 1554 2151 1574 ae
2208 1523 2210 1559 ζ

469 1653 569 1697 316.
618 1653 768 1708 atqui
811 1654 962 1697 dives
993 1665 1115 1698 eras
1154 1654 1393 1698 fluminis
1423 1667 1588 1699 aurea
1620 1656 1799 1702 venis:
1829 1657 1892 1700 sic
1923 1656 2023 1712 legit
2054 1655 2109 1708 A,

413 1724 711 1769 Baehrensius
744 1734 843 1781 post
874 1736 979 1768 eras
1010 1725 1183 1781 supplet
1213 1737 1268 1769 ac
1278 1738 1293 1777 ,·
1324 1725 1572 1782 Postgatius
1604 1736 1747 1770 tamen
1780 1737 1955 1783 poetam
1977 1727 2110 1782 scrip·

412 1797 521 1839 sisse
578 1805 719 1851 putat:
768 1796 898 1850 atqui
938 1796 1067 1839 dives
1108 1808 1214 1839 eras
1256 1796 1519 1852 Pactolique
1569 1809 1712 1841 aurea
1762 1797 1909 1849 venis,
1954 1798 2012 1840 ita
2063 1806 2110 1840 ut

403 1865 618 1922 fluminis
649 1866 868 1922 glossema
899 1868 952 1910 sit
986 1867 1173 1910 Pactoli.

469 1935 731 1979 fluminis:
788 1937 841 1980 cf.
894 1936 1064 1981 Herod.
1113 1938 1167 1981 de
1215 1936 1394 1981 Pactolo
1442 1937 1495 1981 V.
1551 1937 1623 1981 101
1678 1939 1720 1985 ὃς
1766 1946 1914 1993 ψῆγμα
1959 1945 2109 1993 χρυσοῦ

411 2006 678 2061 καταφορέων
713 2009 754 2048 ἐκ
786 2015 860 2048 τοῦ
898 2006 1075 2061 Τμώλου
1107 2008 1177 2049 διὰ
1207 2007 1329 2063 μέσης
1360 2016 1432 2061 τῆς
1463 2010 1615 2063 ἀγορᾶς
1645 2007 1886 2066 (Sardium)
1929 2007 2006 2064 ῥέει
2037 2010 2106 2052 καὶ

409 2077 554 2119 ’ἔπειτα
584 2080 638 2125 εἷς
670 2081 740 2121 τὸν
768 2078 931 2132 εἘρμον
963 2082 1152 2131 ποταμὸν
1183 2079 1346 2131 ἐκδιδοῖ,
1369 2081 1389 2119 ὁ
1414 2078 1456 2120 δὲ
1480 2080 1518 2126 ἐς
1541 2078 1777 2123 θάλασσαν.
1816 2079 1905 2125 Ον.
1926 2079 2105 2124 Metam.

412 2148 485 2192 Xl.
536 2148 616 2191 142
656 2149 728 2192 vis
769 2161 913 2193 aurea
963 2150 1100 2193 tinxit
1140 2154 1159 2204 s
1191 2150 1370 2206 flumen
1401 2154 1445 2194 et
1486 2151 1687 2194 humano
1726 2151 1783 2194 de
1813 2162 1999 2206 corpore
2028 2149 2106 2207 (sc.

413 2218 578 2277 Midae)
618 2220 757 2263 cessit
799 2221 845 2264 in
882 2232 1064 2264 amnem
1105 2225 1152 2274 s‚·
1193 2233 1312 2264 nunc
1353 2233 1531 2277 quoque
1576 2221 1669 2265 iam
1698 2220 1866 2265 veteris
1894 2224 2110 2276 percepto

410 2290 586 2334 semine
615 2302 801 2334 venae
831 2295 850 2344 s
882 2303 996 2334 arva
1028 2291 1174 2346 rigent
1204 2304 1319 2336 auro
1351 2292 1552 2338 madidis
1580 2292 1808 2347 pallentia
1834 2292 2026 2347 glaebis.

469 2431 569 2475 317.
631 2443 698 2475 ne
749 2432 873 2486 quid
923 2434 1152 2476 restaret
1203 2433 1458 2477 habendi:
1513 2432 1749 2477 Sannazari
1809 2434 2105 2477 coniecturam

411 2502 668 2545 habendum
694 2502 896 2546 refutavit
927 2503 1149 2547 l-lenricus
1177 2503 1371 2548 Schenkl
1407 2504 1494 2561 (Zu
1520 2503 1731 2558 Grattius,
1755 2517 1795 2560 p.
1829 2503 1955 2561 419);
1991 2516 2107 2548 com-

411 2582 534 2629 parat
566 2572 661 2616 Liv.
697 2572 767 2616 IX.
817 2572 879 2616 17.
913 2574 940 2616 7
978 2574 1096 2617 nihil
1134 2575 1254 2618 satis
1290 2575 1562 2630 praeparati.
1597 2579 1696 2618 erat
1726 2575 1788 2618 ad
1823 2574 2107 2619 obsidionem

410 2644 695 2687 tolerandam
742 2653 784 2687 et
834 2642 1014 2688 Caesar.
1066 2645 1117 2688 Β.
1171 2644 1224 2689 C.
1282 2645 1355 2689 111.
1407 2646 1476 2689 84.
1528 2647 1540 2688 1
1595 2645 1814 2700 quidnam
1862 2644 2106 2700 Pompeius

406 2714 635 2770 propositi
665 2718 746 2757 aut
775 2714 1028 2757 voluntatis
1059 2716 1120 2758 ad
1151 2715 1462 2760 dimicandum
1493 2716 1689 2760 haberet.

469 2843 568 2887 318.
616 2846 675 2888 tu
702 2855 907 2898 quoque
946 2844 1187 2888 luxuriae
1218 2844 1371 2889 fictas
1413 2846 1536 2888 dum
1569 2846 1771 2900 colligis
1803 2847 1968 2890 artes:
1998 2846 2102 2889 dum

411 2916 602 2970 undique
648 2916 836 2971 acquiris
881 2925 996 2958 artes
1027 2918 1294 2971 excogitatas
1325 2917 1495 2959 luxuria
1527 2937 1585 2952 =
1617 2917 1766 2960 malas
1803 2920 1950 2968 artes;
1988 2917 2105 2971 equi-

412 2986 512 3029 dem
545 2998 627 3042 pro
658 2986 868 3029 luxuriae
899 2987 1044 3042 legere
1076 2986 1221 3029 malim
1254 2987 1448 3030 luxuria.

469 3115 568 3159 319.
602 3115 833 3160 alienam
865 3115 1096 3169 culpam:
1129 3115 1307 3159 aliarum
1341 3117 1532 3172 gentium
1566 3117 1678 3160 vitia.
