2210 3568
1186 264 1266 309 122

434 395 564 450 Fons,
613 395 667 438 de
713 406 802 451 quo
850 393 1104 438 Athenaeus
1143 394 1213 438 hic
1246 393 1449 450 loquitur,
1485 393 1559 437 fuit
1591 395 1633 437 in
1664 405 1717 438 ea
1749 393 1920 439 Siciliae
1950 403 2073 451 parte

371 479 503 524 quam
535 473 768 510 tenuerunt
805 462 1223 521 Carthaginiensies‚
1258 455 1370 521 quae
1407 464 1582 521 Halyco
1614 477 1743 509 amne
1775 465 1830 509 ab
1857 463 2072 522 Agrigen—

372 538 561 580 tinorum
609 547 717 591 agro
764 534 962 579 distincta
1009 543 1116 579 erat.
1180 534 1274 579 Fuit
1320 537 1463 592 igitur,
1512 545 1556 579 ut
1603 535 1811 593 Antigoni
1842 535 1966 580 locus
1995 535 2070 592 qui

371 608 567 663 sequitur
598 606 739 658 docet,
771 606 814 649 in
850 604 1055 660 Sicania,
1088 607 1269 662 regione
1302 605 1596 663 Agrigentinis
1629 605 1820 660 finitima,
1853 617 2073 666 quaprop-

373 687 440 722 ter
471 678 525 720 ab
557 676 650 720 aliis
672 674 792 732 fons
824 676 1150 732 Agrigentinus
1183 686 1379 721 vocatur.

434 747 694 804 Antigonus,
739 746 926 805 (Rerum
973 748 1233 796 naturalium
1280 749 1518 804 scriptores
1563 746 1726 792 Graeci
1758 748 1952 792 minores
1983 758 2070 792 rec.

377 818 438 863 Ο.
483 818 648 872 Keller,
690 819 778 862 VOl.
813 818 845 862 1.
878 832 921 875 p.
952 818 1027 876 34)
1072 817 1302 862 CXXXIX
1345 817 1467 876 (154)
1509 819 1655 861 Λύκον
1698 817 1739 859 δὲ
1771 820 1842 861 τὸν
1871 819 2071 873 (Ρηγῖνον

373 889 517 942 λέγειν,
560 891 635 943 τὴν
681 890 753 942 μὲν
800 890 842 932 ἔν
888 898 940 944 τῇ
986 893 1182 933 Σικανῶν
1229 890 1339 946 χώρᾳ
1386 889 1520 944 φέρειν
1567 889 1670 941 ὄξος,
1718 885 1829 946 ᾧπερ
1873 889 1942 930 ἐπὶ
1987 895 2072 932 τῶν

373 960 605 1014 ἐδεσμάτων
652 968 842 1016 χρῶνται,
890 962 965 1014 τὴν
1010 960 1052 1002 δὲ
1094 961 1136 1004 ἐν
1169 962 1206 1018 †
1239 956 1519 1015 Κυτιστράτῳ
1550 946 1857 1019 (Μυτιστράτῳ
1887 958 2072 1005 coniecit

375 1032 600 1087 Meursius
642 1044 699 1075 ex
742 1030 986 1089 Stephano)
1017 1029 1100 1074 οἷον
1134 1030 1259 1085 ἐλαίῳ
1290 1033 1395 1086 ῥεῖν·
1427 1039 1550 1073 τοῦτο
1582 1031 1618 1073 δ’
1649 1030 1691 1074 ’έν
1722 1047 1764 1072 τε
1795 1039 1879 1079 τοῖς
1901 1028 2071 1087 ,λύχνοις

373 1104 550 1158 κάεσθαι
589 1105 656 1143 καὶ
699 1102 912 1145 δύνασθαι
954 1103 1127 1155 φύματα
1172 1105 1240 1143 καὶ
1289 1103 1434 1157 ψώραν
1479 1104 1640 1154 ἰᾶσθαι,
1673 1091 2071 1157 προσαγορευόμενον

374 1177 659 1227 Κυστιτραῖον
705 1172 1043 1230 (Μυτιστράτιον
1079 1173 1333 1231 Meursius).

433 1243 853 1288 Pseudo-Aristotel.
886 1243 940 1287 de
975 1243 1160 1287 Mirabil.
1192 1244 1276 1302 (ed.
1313 1243 1459 1302 Apelt)
1487 1244 1588 1287 113:
1622 1245 1663 1287 ἐν
1695 1243 1737 1285 δὲ
1770 1251 1821 1298 τῇ
1836 1242 2072 1299 ἐπικρατείᾳ

373 1323 457 1358 τῶν
489 1313 790 1370 Καρχηδονίων
822 1316 947 1367 φασὶν
985 1314 1073 1369 ὄρος
1114 1311 1217 1357 εἶναι
1250 1316 1270 1355 ὃ
1303 1313 1488 1356 καλεῖται
1534 1316 1752 1369 Οὐράνιον,
1795 1312 2071 1366 παντοδαπῆς

373 1388 446 1440 μὲν
492 1384 592 1440 ὕλης
638 1385 773 1438 γέμον,
824 1383 993 1432 πολλοῖς
1045 1385 1086 1426 δὲ
1139 1384 1530 1439 διαπεποικιλμένον
1584 1385 1775 1429 ἄνθεσιν·
1828 1386 1930 1426 ὥστε
1974 1385 2071 1432 τοὺς

373 1465 548 1512 συνεχεῖς
610 1457 762 1503 τόπους
824 1457 890 1496 ἐπὶ
943 1454 1052 1497 πολὺ
1112 1455 1508 1513 μεταλαμβάνοντας
1570 1464 1641 1510 τῆς
1687 1454 1862 1503 εὐωδίας
1925 1455 2070 1514 αὐτοῦ,

373 1527 543 1581 ἡδίστην
585 1528 679 1569 τινὰ
723 1535 806 1574 τοῖς
855 1526 1112 1582 ὁδοιποροῦσι
1159 1526 1434 1583 προσβάλλειν
1481 1530 1555 1581 τὴν
1602 1527 1832 1580 ἀναπνοήν.
1878 1527 1980 1581 πρὸς
2020 1524 2071 1579 δὴ
2110 1523 2116 1544 ³

372 1606 521 1641 τοῦτον
564 1600 635 1640 τὸν
678 1598 806 1640 τόπον
845 1598 995 1652 κρήνην
1036 1597 1177 1639 ἐλαίου
1219 1601 1343 1651 φασὶν
1382 1596 1499 1650 εἶναι,
1531 1600 1607 1652 τὴν
1638 1597 1680 1640 δὲ
1712 1599 1838 1651 ὀσμὴν
1869 1595 1968 1654 ἔχειν
1999 1603 2072 1650 τῆς

374 1667 520 1719 κέδρου
561 1677 644 1716 τοῖς
687 1669 997 1721 ἀποπτίσμασιν
1039 1670 1195 1722 ὁμοίαν.
1236 1669 1318 1712 δεῖν
1363 1669 1405 1710 δέ
1446 1684 1545 1722 φασι
1586 1671 1656 1712 τὸν
1702 1668 1924 1723 προσιόντα
1970 1668 2071 1722 πρὸς

374 1741 508 1793 αὐτὴν
544 1741 672 1791 ἁγνὸν
714 1736 840 1782 εἶναι·
880 1741 948 1779 καὶ
991 1741 1141 1780 τούτου
1181 1740 1421 1793 γιγνομένου
1462 1739 1603 1782 πλεῖον
1644 1737 1896 1795 ἄναβλύζειν
1937 1739 2070 1791 αὐτὴν

373 1813 420 1852 τὸ
452 1809 603 1862 ἐ’λαιον,
637 1812 737 1851 ὥστε
770 1808 965 1863 ἀσφαλῶς
997 1811 1213 1864 ἀρύεσθαι.

440 1882 533 1925 114.
595 1883 694 1934 φασὶ
746 1883 814 1921 καὶ
867 1881 1022 1936 ταύτης
1078 1888 1150 1935 τῆς
1192 1882 1338 1935 κρήνης
1386 1879 1560 1935 πλησίον
1605 1878 1708 1923 εἷναί
1754 1895 1847 1923 τινα
1899 1878 2069 1934 πέτραν,

374 1953 577 2006 αὐτοφυῆ,
619 1950 800 2005 μεγάλην
844 1959 902 2007 τῷ
942 1951 1118 2004 μεγέθει.
1162 1952 1321 2005 ταύτην
1353 1947 1426 1994 οὖν
1473 1950 1672 2002 λέγουσιν,
1719 1948 1884 1992 ἐπειδὰν
1927 1949 1999 1999 μὲν
2044 1943 2072 2003 ᾗ

373 2023 504 2078 θέρος,
537 2021 671 2076 φλόγα
703 2022 966 2075 ἀναπέμπειν
998 2022 1139 2075 πυρός.
1253 2016 1269 2027 “

435 2094 600 2138 Plinius
647 2094 702 2138 N.
751 2093 810 2137 H.
843 2092 1024 2136 XXXV.
1065 2093 1146 2136 179
1180 2092 1391 2148 Gignitur
1421 2093 1561 2136 etiam
1588 2092 1760 2147 pingue
1790 2091 2070 2147 liquorisque

375 2165 548 2208 oleacei
580 2164 628 2208 in
660 2164 822 2208 Sicilia
855 2163 1166 2219 Acragantino
1188 2163 1326 2219 fonte
1358 2163 1568 2220 inficiens
1600 2163 1760 2207 rivum.
1809 2161 1990 2207 Incolae
2022 2160 2070 2205 id

374 2235 651 2279 arundinum
670 2235 901 2290 paniculis
922 2234 1151 2289 colligunt,
1178 2235 1400 2278 citissime
1415 2234 1484 2278 sic
1499 2234 1846 2278 adhaerescens.
1875 2232 2074 2277 Utuntur

373 2317 428 2349 eo
459 2305 521 2349 ad
551 2306 837 2349 lucernarum
868 2306 1045 2349 lumina
1076 2305 1166 2349 olei
1195 2306 1438 2361 vicejitem
1460 2305 1521 2348 ad
1536 2304 1736 2349 scabiem
1754 2304 2068 2348 iumentorum.

434 2375 568 2420 Solin,
617 2375 884 2432 Polyhistor.
933 2378 1001 2420 ed.
1052 2375 1304 2420 Mommsen
1353 2390 1395 2432 p.
1442 2376 1500 2419 53
1542 2375 1600 2433 [5.
1646 2375 1717 2419 22.
1765 2374 1840 2432 24]
1889 2373 1937 2417 in
1966 2373 2069 2417 lacu

375 2446 672 2502 Agrigentino
713 2447 862 2490 oleum
900 2450 1197 2502 supernatat:
1235 2447 1318 2491 hoc
1351 2447 1522 2502 pingue
1564 2446 1722 2490 haeret
1761 2444 2069 2489 harundinum

373 2517 516 2561 comis
567 2517 624 2560 de
679 2518 871 2561 assiduo
922 2518 1172 2571 volutabro,
1219 2529 1244 2561 e
1287 2529 1478 2573 quarum
1524 2515 1860 2572 capillamentis
1905 2514 2073 2570 legitur

375 2591 652 2643 unguentum
684 2588 907 2631 medicum
938 2591 1095 2631 contra
1127 2588 1433 2632 armentarios
1465 2588 1654 2631 morbos.
1688 2587 1783 2631 Nec
1808 2586 1940 2641 longe
1962 2584 2069 2629 inde

374 2658 504 2702 collis
549 2658 804 2710 Vulcanius,
844 2659 892 2701 in
934 2670 1036 2713 quo,
1069 2659 1148 2713 qui
1180 2659 1366 2703 divinae
1398 2659 1464 2702 rei
1495 2661 1755 2713 operantur,
1787 2657 1914 2712 ligna
1943 2655 2068 2699 vitea

372 2741 514 2783 super
539 2740 650 2772 aras
679 2732 861 2772 struunt
891 2741 973 2772 nec
1004 2730 1125 2784 ignis
1156 2730 1404 2784 apponitur
1433 2729 1481 2772 in
1512 2729 1630 2772 hanc
1659 2727 1941 2783 congeriem:
1967 2737 2068 2769 cum

370 2799 600 2854 prosicias
631 2804 703 2851 (=
736 2810 882 2855 partes
914 2800 1082 2843 hostiae
1114 2801 1342 2855 dissectae)
1376 2800 1623 2853 intulerint,
1656 2798 1701 2842 si
1721 2798 1854 2842 adest
1873 2797 2001 2850 deus,
2023 2796 2068 2840 si

371 2881 554 2914 sacrum
596 2870 826 2924 probatur,
872 2873 1125 2923 sarmenta,
1173 2871 1275 2914 licet
1321 2870 1505 2924 viridia,
1536 2873 1699 2925 sponte
1734 2868 1994 2923 concipiunt
2024 2870 2067 2910 et

374 2940 499 2983 nullo
547 2940 821 2996 inflagrante
868 2940 1015 2984 halitu
1060 2941 1117 2984 ab
1167 2942 1269 2996 ipso
1314 2941 1500 2985 numine
1538 2940 1597 2997 fit
1658 2939 1934 2983 accendium.
1999 2937 2068 2981 Ibi

373 3011 612 3065 epulantes
652 3011 816 3055 alludit
849 3011 1045 3067 flamma
1087 3023 1205 3065 quae
1227 3012 1457 3067 flexuosis
1487 3010 1748 3055 excessibus
1778 3008 2065 3064 vagabunda,

375 3093 506 3136 quem
547 3082 797 3137 contigerit,
839 3093 930 3126 non
961 3081 1138 3125 adurit:
1169 3094 1250 3125 nec
1280 3082 1409 3126 aliud
1440 3086 1522 3134 est,
1555 3093 1690 3136 quam
1723 3081 1874 3135 imago
1904 3078 2067 3122 nuntia

371 3150 567 3208 perfecti
598 3153 683 3196 rite
713 3153 821 3197 voti.
