2210 3568
1166 223 1193 266 4

334 363 493 396 omne
525 350 782 395 auxilium
805 350 950 395 vitae
972 353 1250 407 rectusque
1270 354 1501 408 reluxit!
1523 356 1652 401 ordo
1673 359 1726 402 et
1748 359 2029 415 contiguas

331 422 558 467 didicere
589 432 658 466 ex
688 420 894 465 artibus
925 421 1060 466 artis
1090 427 1416 510 sproserere,
1447 425 1571 470 hinc
1603 427 1822 473 demens
1843 428 2032 474 cecidit

331 492 593 538 violentia
622 493 785 536 retro.

392 564 529 609 Poeta
575 572 725 607 noster
769 562 825 606 de
871 562 1049 607 humani
1089 564 1230 609 cultus
1261 564 1439 610 historia
1470 569 1767 624 antiquissima
1798 570 1906 615 haec
1935 533 2028 617 fere

330 636 562 693 cogitavit:
609 633 712 677 olim
757 633 958 677 homines
1004 635 1047 678 in
1093 636 1298 680 omnibus
1344 638 1571 682 erroribus
1618 640 1838 695 vivebant,
1885 643 2028 687 omnis

330 708 423 752 fere
467 705 607 750 cultus
647 713 689 747 et
730 704 1009 749 humanitatis
1039 715 1271 762 expertes;
1314 708 1488 752 tandem
1521 709 1753 765 aliquando
1786 711 1918 767 Ratio
1945 713 1970 756 i.
1988 724 2027 757 e.

331 777 552 834 Sapientia
582 786 661 819 eos
693 776 839 819 omnia
869 775 1028 831 docuit,
1061 789 1173 834 quae
1203 779 1337 822 vitam
1369 778 1607 824 faciliorem
1638 782 2028 840 iucundioremque

330 848 577 893 redderent.
626 845 926 902 Antiquissimi
956 848 1085 904 igitur
1117 849 1331 904 homines,
1367 848 1542 894 Grattio
1573 852 1610 895 si
1641 852 1875 913 credimus,
1908 866 2031 910 prot·-

266 943 275 951 -
330 929 408 961 sus
439 929 526 960 non
558 916 705 961 felices
726 926 864 971 erant,
886 917 1104 974 longeque
1125 919 1322 964 dissentit
1342 921 1397 964 ab
1417 921 1470 964 iis
1491 921 1764 979 philosophis
1785 925 2046 980 poetisque,

330 988 489 1044 quibus
534 989 678 1044 prisca
723 997 841 1032 aetas
887 989 1134 1033 beatissima
1180 999 1308 1046 atque
1339 1003 1471 1035 aurea
1502 1001 1607 1036 erat.
1673 992 1914 1048 Quaeritur
1945 996 2030 1051 pri-

331 1071 452 1102 mum
483 1070 540 1102 ex
572 1058 686 1114 quali
718 1058 837 1102 fonte
868 1058 977 1103 haec
1009 1061 1191 1116 petierit,
1224 1060 1382 1105 deinde
1413 1074 1438 1106 a
1469 1064 1594 1107 cuius
1611 1063 1888 1121 philosophia
1905 1074 2027 1110 ortus

329 1130 396 1174 sit.
461 1128 542 1173 Vir
584 1129 739 1173 doctus
786 1129 940 1173 Edwin
989 1130 1177 1174 Mueller
1222 1130 1454 1189 (Philolog.
1505 1131 1618 1177 Bnd.
1678 1133 1813 1178 LXII.
1860 1148 1902 1191 p.
1953 1135 2028 1195 69)

331 1201 443 1245 bene
488 1201 712 1257 perspexit
743 1202 988 1257 opiniones,
1020 1213 1129 1257 quas
1164 1199 1363 1246 Grattius
1393 1204 1437 1246 in
1469 1205 1699 1260 prooemio
1731 1217 1813 1250 suo
1845 1205 2027 1262 profert,

330 1282 579 1328 congruere
635 1282 734 1314 cum
791 1269 1018 1315 Posidonii
1064 1273 1301 1317 sententiis.
1381 1271 1532 1328 Quem
1580 1274 1891 1332 philosophum
1937 1275 2029 1335 (qui

331 1343 439 1387 vixit
491 1340 690 1385 135-45
735 1350 834 1385 ante
882 1340 992 1402 Chr.
1040 1342 1206 1400 natum)
1251 1351 1350 1387 ante
1400 1341 1622 1389 Grattium
1662 1346 1779 1390 idem
1826 1347 2030 1392 docuisse

332 1414 498 1457 scimus
539 1424 564 1456 e
606 1410 802 1456 Senecae
830 1411 1014 1468 epistula
1044 1412 1115 1456 90.
1180 1412 1228 1456 In
1259 1425 1311 1457 ea
1342 1414 1460 1458 enim
1491 1415 1674 1471 epistula
1706 1414 1890 1472 Seneca,
1923 1418 2028 1462 dum

336 1483 562 1528 Posidonii
594 1482 914 1539 philosophiam
946 1484 1186 1540 impugnat,
1217 1485 1320 1528 satis
1352 1485 1485 1529 multa
1505 1497 1564 1530 ex
1584 1498 1640 1530 eo
1661 1487 1779 1542 citat;
1802 1497 2028 1544 praeterea

336 1554 564 1611 complura
605 1566 664 1597 ex
709 1566 777 1608 eo,
817 1566 1082 1610 quamquam
1122 1555 1330 1610 dissentit,
1363 1556 1418 1599 ad
1448 1568 1574 1600 suam
1605 1558 1742 1614 ipsius
1774 1559 2035 1615 opinionem,

333 1624 656 1669 defendendam
702 1625 929 1681 ingeniose
971 1625 1177 1681 adhibuit,
1223 1626 1266 1669 id
1313 1627 1431 1682 quod
1463 1627 1574 1671 bene
1606 1630 1830 1685 perspexit
1861 1629 2029 1675 Bollius

330 1695 400 1739 ille
445 1694 644 1752 (Studien
692 1696 802 1739 iiber
846 1694 1060 1740 Claudius
1102 1696 1367 1750 Ptolemiius,
1412 1696 1691 1743 Fleckeisens
1714 1699 1867 1754 Jahrb.
1900 1701 2025 1745 class.

332 1765 479 1823 philol.
527 1766 578 1812 21
631 1767 845 1822 supplem.
894 1767 994 1810 bnd.
1043 1780 1082 1823 p.
1131 1766 1248 1825 223).
1313 1766 1354 1811 Is
1402 1777 1547 1811 autem
1580 1764 1805 1825 comparat
1835 1771 1947 1816 inter
1977 1784 2026 1816 se

332 1836 486 1881 Senec.
535 1838 658 1892 epist.
706 1837 777 1890 90,
819 1837 878 1881 39
925 1837 1147 1892 quidquid
1178 1841 1345 1881 natura
1371 1838 1637 1894 protulerat,
1670 1839 1719 1883 id
1749 1851 1842 1884 non
1874 1841 2027 1886 minus

332 1908 566 1952 invenisse
622 1919 759 1962 qaam
816 1908 1113 1958 inuentam
1159 1912 1485 1952 monstrare
1528 1909 1698 1954 alteri
1742 1911 2028 1967 voluptas

331 1982 538 2024 erat...
582 1979 700 2022 inter
729 1979 976 2022 concordes
1005 1979 1295 2022 dividebatur
1324 1989 1365 2024 et
1399 1992 1556 2024 versus
1588 1980 1657 2024 83.
1690 1981 1749 2025 84
1781 1983 1908 2039 primi
1930 1983 2026 2027 libri
2070 2003 2073 2005 ·

333 2049 514 2104 Manilii,
560 2062 691 2106 quem
733 2059 908 2106 poetam
950 2059 991 2093 et
1023 2051 1166 2106 ipsum
1198 2063 1277 2093 sua
1308 2062 1363 2094 ex
1397 2050 1637 2096 Posidonio
1669 2052 1866 2098 hausisse
1896 2053 2027 2098 hodie

330 2121 444 2164 inter
488 2132 644 2164 omnes
689 2129 879 2164 constat:
927 2123 972 2163 et
1018 2120 1329 2175 quodcumque
1373 2132 1522 2176 sagax
1566 2122 1787 2166 tentando
1830 2124 2028 2179 repperit

333 2202 447 2235 usus
468 2194 488 2245 l
509 2190 566 2235 in
592 2201 890 2235 commane
911 2191 1118 2235 bonum
1140 2195 1521 2236 commentam
1541 2192 1703 2236 laeta
1725 2193 2024 2239 dederant.

391 2331 693 2388 Excerpamus
739 2333 867 2389 igitur
913 2346 969 2378 ex
1003 2332 1171 2377 Seneca
1202 2333 1385 2390 epistula
1416 2346 1492 2378 eas
1524 2333 1749 2378 Posidonii
1780 2337 2024 2391 opiniones,

330 2415 443 2459 quae
489 2415 589 2447 cum
640 2402 799 2448 Grattii
844 2406 1023 2449 scientia
1069 2414 1339 2462 congruunt:
1386 2404 1460 2449 illo
1494 2416 1613 2462 ¹ergo
1668 2407 1858 2460 saeculo,
1905 2407 2024 2463 quod

330 2485 513 2518 aureum
544 2474 787 2530 perhibent,
820 2487 956 2531 penes
983 2477 1203 2532 sapientes
1220 2475 1355 2520 fuisse
1371 2488 1556 2532 regnum
1574 2476 1838 2520 Posidonius
1853 2478 2025 2521 iudicat.

334 2543 397 2588 Hi
441 2546 719 2589 continebant
764 2558 920 2589 manus
965 2555 1008 2590 et
1052 2546 1338 2590 infirmiorem
1386 2558 1409 2589 a
1457 2546 1737 2591 validioribus
1779 2548 2023 2602 tuebantur,

329 2615 570 2658 suadebant
619 2615 1011 2672 dissuadebantque
1067 2626 1110 2661 et
1164 2617 1280 2660 utilia
1321 2626 1449 2672 atque
1491 2617 1654 2660 inutilia
1699 2619 2023 2672 monstrabant;

333 2687 491 2730 horum
531 2685 760 2741 prudentia
801 2698 856 2729 ne
902 2687 1004 2742 quid
1050 2687 1222 2732 deesset
1252 2688 1343 2731 suis
1375 2687 1646 2744 providebat,
1677 2687 1886 2732 fortitudo
1915 2690 2028 2745 peri-

331 2757 427 2801 cula
473 2757 661 2810 arcebat,
710 2756 1006 2804 beneficientia
1051 2759 1235 2814 augebat
1281 2759 1549 2814 ornabatque
1589 2759 1888 2803 subiectos...
1928 2758 2025 2803 hac-

332 2838 457 2872 tenus
505 2827 743 2871 Posidonio
790 2828 1038 2872 adsentior:
1086 2838 1201 2872 artes
1246 2829 1422 2885 quidem
1463 2841 1487 2872 a
1519 2829 1793 2885 philosophia
1824 2830 2024 2874 inventas

332 2900 491 2954 quibus
532 2899 575 2942 in
622 2898 838 2941 cotidiano
885 2900 971 2942 vita
1018 2900 1151 2943 utitur
1181 2911 1270 2943 non
1307 2901 1602 2943 concesserim
1634 2912 1715 2943 nec
1746 2900 1804 2943 illi
1834 2899 2023 2943 fabricae

332 2969 534 3013 adseram
579 2968 783 3025 gloriam:
836 2968 973 3023 „illa''‚
1020 2971 1168 3025 inquit,
1220 2982 1424 3027 „sparsos
1456 2978 1497 3013 et
1528 2979 1600 3014 aut
1632 2971 1751 3014 cavis
1783 2979 1920 3014 tectos
1951 2979 2023 3014 aut
2088 2964 2091 2967 ”

332 3037 472 3094 aliqua
490 3051 599 3095 rupe
615 3038 803 3083 suffossa
826 3048 897 3082 aut
918 3052 1079 3084 exesae
1100 3041 1270 3084 arboris
1292 3050 1446 3084 trunco
1468 3040 1613 3084 docuit
1635 3049 1744 3084 tecta
1762 3041 1932 3085 moliri”
1944 3073 1955 3084 .
1975 3075 1983 3083 .
2004 3073 2014 3083 .

332 3109 436 3164 quid
468 3110 568 3153 ais?
599 3109 872 3166 philosophia
905 3110 1051 3154 docuit
1081 3110 1281 3155 homines
1313 3112 1475 3155 habere
1506 3110 1675 3155 clavem
1707 3119 1748 3155 et
1779 3110 1964 3156 seram?

2191 630 2210 666 33³

2191 668 2210 696 ,33

2182 722 2210 743 l

2191 768 2193 770 “
2206 771 2210 782 ε

2206 793 2210 813 ἵ

2178 818 2195 841 Ἰ
2206 820 2210 843 ¹.

2193 885 2210 903 ιῐ

2192 955 2210 985 iil

2188 985 2210 1019 „1³11

2191 1018 2210 1077 ‘i'
