2210 3568
1197 262 1226 306 8

424 390 622 435 Diana:
665 391 718 435 cf.
755 389 927 434 Callim.
959 391 1112 447 hymn.
1146 390 1272 435 Dian.
1312 392 1345 435 l.
1378 391 1407 435 2
1433 391 1638 446 ’Ἀρτεμιν
1670 393 1735 450 (οὐ
1772 396 1852 448 γὰρ
1881 392 2058 450 ἐλαφρὸς

366 460 619 505 ἀειδόντεσσι
653 460 888 519 λαθέσθαι)
903 464 923 516 s
938 461 1153 515 ὑμνέομεν,
1187 470 1239 517 τῇ
1270 461 1372 511 τόξα
1403 461 1660 520 λαγωβολίαι
1693 479 1738 504 τε
1771 462 1983 518 μέλονται.

432 603 495 647 14.
543 613 648 657 qua
693 601 922 656 primam
969 606 1257 659 quaerebat
1304 616 1487 658 opem:
1532 617 1591 649 sc.
1637 606 1725 650 vita
1748 586 1991 664 ⁴trepida-i.
2020 618 2061 662 e,

368 673 569 718 homines
599 673 766 730 trepidi.
800 672 1023 719 Sententia
1053 684 1118 719 est
1149 675 1279 719 haec:
1303 687 1393 730 qua
1414 687 1471 720 ex
1489 679 1620 731 parte
1636 676 1846 720 homines
1862 676 2061 721 maxime

369 743 535 788 auxilii
566 743 859 800 indigebant;
889 745 1100 790 adverbio
1132 758 1224 801 qua
1259 745 1457 791 Grattius
1487 748 1742 804 saepissime
1764 748 1912 802 utitur,
1930 759 1974 792 v.
1991 746 2062 791 38.

372 815 443 861 71.
482 813 576 859 199.
606 813 707 859 218.
739 814 839 859 241.
872 815 972 860 386.
1006 817 1104 860 414.
1138 817 1238 861 468.
1274 817 1375 862 494.

428 884 675 942 dignata:
705 898 767 930 sc.
799 897 864 931 es.

437 1026 620 1072 16-20.
668 1027 729 1071 Hi
767 1040 924 1074 versus
961 1041 1141 1086 magnas
1177 1030 1385 1086 praebent
1417 1029 1710 1074 difficultates:
1742 1030 1948 1074 traditum
1978 1038 2067 1075 est:

441 1097 493 1142 16
522 1098 750 1144 adscivere
780 1108 855 1144 tuo
886 1103 1068 1160 comites
1097 1101 1179 1144 sub
1211 1102 1390 1145 nomine
1421 1101 1550 1145 divae

438 1169 489 1214 17
520 1179 690 1214 centem
721 1165 877 1214 omnes
907 1180 1265 1215 nemorumentes
1295 1171 1351 1215 de
1380 1170 1571 1216 tontibus
1601 1183 1757 1216 omnes

439 1239 491 1284 18
524 1239 711 1296 Naides,-
735 1250 777 1285 et
809 1240 999 1285 Latii...
1042 1241 1295 1286 Faunus...

439 1310 492 1354 19
523 1310 828 1368 Menaliusque
858 1324 969 1368 puer
999 1313 1292 1368 domitrixque
1323 1313 1452 1358 ldaea
1481 1313 1658 1358 leonum

433 1380 493 1425 20
522 1391 661 1426 mater
691 1391 734 1426 et
763 1383 925 1427 inculto
957 1381 1162 1428 Silvanus
1193 1385 1363 1428 termite
1398 1384 1607 1441 gaudens.

436 1451 528 1497 Pro
559 1458 924 1497 nemoramentes
957 1453 1241 1499 Burmannus
1272 1455 1378 1499 vidit
1408 1455 1688 1500 scribendum
1719 1467 1818 1500 esse
1839 1463 2073 1499 nemorum

379 1527 597 1568 amentes.
677 1523 932 1580 Quaeritur,
987 1526 1213 1581 quomodo
1258 1526 1582 1570 emendandum
1629 1527 1682 1570 sit
1726 1528 1902 1570 centem
1913 1538 1930 1579 ;
1973 1534 2072 1569 ante

379 1595 526 1639 omnia
567 1605 735 1639 constat
775 1596 1012 1640 adscivere
1041 1597 1258 1640 obiectum
1290 1596 1496 1653 flagitare,
1528 1610 1630 1641 nam
1661 1597 1781 1653 quod
1812 1595 2077 1641 Wernsdor-

379 1664 461 1709 fius
491 1666 689 1710 adnotat:
725 1667 985 1719 „adscivere
1016 1667 1189 1711 videtur
1220 1667 1289 1711 hic
1323 1668 1575 1712 neutraliter
1605 1667 1908 1724 accipiendum
1939 1675 1986 1711 ut
2021 1667 2075 1710 sit

380 1737 647 1780 contrarium
694 1745 770 1778 τοῦ
815 1737 1066 1781 desciscere
1112 1749 1194 1794 pro
1235 1749 1491 1793 assensere,
1537 1738 1790 1782 adiunxere
1833 1738 1915 1781 se”
1947 1737 2074 1781 nullis

381 1805 555 1850 defendi
586 1817 729 1863 potest
759 1808 996 1864 exemplis3
1028 1808 1398 1863 quamobcausam
1429 1810 1515 1853 iam
1546 1808 1759 1853 Heinsius
1779 1807 2076 1863 adscitaeque

382 1879 623 1935 proposuit,
651 1891 807 1935 parum
838 1878 908 1922 ille
934 1887 1080 1923 tamen
1107 1891 1265 1922 curans
1294 1879 1450 1924 ductus
1462 1880 1715 1923 litterarum.
1751 1878 1999 1936 Postgatius
2014 1877 2075 1936 (in

382 1958 592 2005 apparatu
633 1950 833 1994 editionis
877 1949 1001 2007 suae)
1040 1950 1280 1993 adcrevere
1309 1951 1554 1994 dubitanter
1585 1951 1781 2005 coniecit,
1813 1958 1914 2006 post
1941 1948 2077 1993 divae

382 2020 707 2076 interpungens.
774 2019 893 2064 Cum
936 2030 1079 2065 tamen
1122 2033 1210 2065 non
1244 2021 1479 2065 verisimile
1510 2022 1564 2065 sit
1595 2022 1639 2064 in
1671 2021 1812 2065 verbo
1841 2019 2076 2064 adscivere

383 2090 535 2134 vitium
574 2090 772 2146 haerere,
818 2103 918 2135 cum
950 2093 1226 2135 coniecturae
1258 2092 1513 2148 propositae
1544 2103 1700 2135 omnes
1731 2092 1860 2135 nimis
1889 2090 2077 2135 audaces

384 2162 482 2216 sint,
523 2160 904 2206 Radermacherus
935 2161 1108 2219 (Rhein.
1144 2162 1262 2206 Mus.
1293 2161 1364 2206 52.
1396 2161 1501 2219 627)
1531 2149 1614 2218 pro
1644 2165 1818 2206 centem
1849 2161 2079 2218 proposuit

381 2235 577 2288 gentem,
609 2233 736 2277 simul
768 2234 1045 2287 vocabulum,
1063 2234 1181 2290 quod
1207 2235 1416 2290 sequitur,
1436 2244 1596 2277 omnes
1616 2234 1659 2277 in
1680 2244 1862 2277 omnem
1883 2240 2079 2286 mutans;

388 2303 479 2348 vult
525 2313 669 2348 autem
716 2316 779 2348 vs.
830 2303 891 2347 16.
947 2304 997 2348 17
1043 2306 1105 2348 sic
1149 2304 1318 2361 legere:
1366 2303 1601 2347 adscivere
1645 2307 1724 2347 tao
1770 2302 1959 2347 comites
1993 2301 2078 2346 sab

388 2374 572 2419 nomine
602 2374 738 2418 divae
768 2378 786 2428 s
813 2378 995 2429 gentem
1026 2385 1206 2418 omnem
1237 2385 1471 2418 nemorum
1480 2387 1495 2427 ;
1526 2378 1734 2418 amentes
1764 2386 1880 2435 eqs„

447 2445 616 2489 Eodem
662 2446 795 2489 modo
846 2445 1070 2489 Hem-icus
1116 2444 1310 2490 Schenkl
1351 2446 1422 2503 (zu
1458 2443 1670 2500 Grattius,
1703 2457 1745 2501 p.
1778 2443 1882 2501 421)
1912 2452 2079 2488 textum

390 2517 654 2560 constituere
704 2517 809 2570 vult,
855 2516 934 2560 sed
980 2526 1207 2572 praeterea
1253 2529 1335 2573 pro
1380 2527 1627 2570 nemorum,
1676 2518 1884 2559 amentes
1933 2515 2082 2559 scribit

390 2597 637 2641 nemorum,
679 2590 887 2641 gentes
932 2587 988 2630 de
1024 2585 1241 2642 fontibus
1286 2598 1469 2639 omnes;
1499 2595 1618 2642 putat
1649 2587 1765 2630 enim
1797 2584 1915 2641 quod
1947 2596 2080 2640 supra

391 2660 754 2702 nemorumentes
814 2659 1023 2713 scriptum
1081 2667 1159 2712 est,
1205 2657 1389 2702 litteram
1436 2670 1464 2714 g
1510 2668 1630 2711 esse;
1677 2656 1802 2700 verbi
1846 2654 2082 2699 adscivere

392 2729 633 2772 subiectum
680 2727 779 2772 facit
825 2740 981 2773 vocem
1029 2728 1237 2772 homines
1283 2728 1365 2785 (vs.
1399 2727 1467 2786 4);
1506 2728 1643 2771 verba
1672 2730 1752 2770 tuo
1781 2726 1866 2770 sab
1897 2725 2083 2770 nomine

392 2799 527 2843 divae
558 2799 744 2855 explicat
774 2800 1072 2854 comparando
1103 2803 1232 2843 taam
1262 2799 1568 2844 adolescentis
1597 2798 1815 2842 stadium.

455 2869 629 2914 Collato
684 2878 829 2913 tamen
885 2869 983 2913 loco
1029 2870 1155 2913 simili
1198 2871 1313 2926 apud
1362 2870 1604 2926 Vergilium
1654 2867 1823 2925 Georg.
1872 2867 1949 2912 1V.
1995 2865 2083 2910 383

393 2944 572 2984 centum
618 2951 734 2995 qaae
779 2939 924 2983 silvas
968 2943 1147 2983 centum
1193 2952 1309 2995 qaae
1341 2941 1542 2997 flamina
1585 2942 1783 2994 servant,
1825 2938 2081 2995 praesertim

395 3023 494 3055 cum
535 3022 694 3055 omnes
737 3011 802 3055 bis
833 3012 1021 3066 positum
1052 3012 1096 3054 in
1128 3012 1247 3055 initio
1278 3021 1319 3056 et
1350 3013 1432 3056 sub
1463 3011 1592 3056 finem
1624 3023 1648 3054 a
1680 3018 1808 3066 poeta
1839 3007 2082 3066 profectum

395 3083 608 3136 videatur,
649 3083 771 3139 prius
815 3092 975 3125 omnes
1021 3091 1190 3126 mutare
1237 3083 1393 3137 nolim;
1440 3093 1583 3138 neque
1627 3090 1773 3125 tamen
1819 3091 1919 3124 curn
1967 3077 2086 3122 Voll-

394 3166 519 3198 mero
550 3154 761 3198 ediderim
791 3152 1026 3196 adscivere
1055 3157 1134 3197 tuo
1166 3154 1354 3197 comites
1384 3154 1470 3197 sub
1501 3150 1686 3197 nomine
1701 3151 1837 3195 divae
1853 3154 1873 3205 s
1885 3153 2083 3206 gentem:
