2210 3568
1180 248 1262 293 138

426 376 527 421 503.
575 378 844 433 glaucum:
891 377 945 422 cf.
993 377 1127 436 Verg.
1179 376 1350 439 Georg.
1398 377 1472 422 111.
1505 378 1555 422 81
1594 378 1775 424 honesti
1803 384 1823 433 l
1852 380 2065 436 spadices

363 448 622 504 glaucique.
674 446 822 492 Gellio
870 448 924 503 11,
956 448 1027 493 26.
1068 448 1119 493 18
1145 449 1338 505 glaucus
1368 449 1484 493 idem
1517 458 1581 494 est
1613 459 1742 506 atque
1772 450 1966 504 viridis:
1994 451 2064 497 hic

366 528 511 563 tamen
545 539 599 556 =
636 518 912 576 „gris-bleu''‚
949 519 1229 577 „blaugrau'’.
1860 512 1861 515 '

427 589 595 632 ardua
639 588 823 634 fundet
853 589 909 632 in
941 602 1105 633 auras
1134 595 1154 643 Ι
1185 602 1361 634 crura:
1393 602 1522 634 crura
1552 592 1664 635 inter
1679 591 1874 636 eundum
1891 591 2064 639 attollet.

366 660 420 704 cf.
456 659 589 716 Verg.
626 658 794 717 Georg.
830 660 904 704 III.
937 661 994 705 75
1025 661 1240 705 continuo
1266 661 1448 716 pecoris
1465 661 1678 717 generosi
1694 662 1851 717 pullus
1873 661 1921 706 in
1939 663 2067 708 arvis

368 735 387 784 s
433 730 575 774 altius
607 731 873 786 ingreditur,
906 731 1108 788 Xenoph.
1141 732 1196 776 de
1229 744 1276 776 re
1308 733 1498 788 equestri
1539 731 1601 776 10.
1642 733 1692 776 14
1723 735 1777 774 τὰ
1808 731 1928 788 σκέλη
1958 734 2065 787 ὑγρὰ

368 802 607 856 μετεωρίζει.

429 931 529 975 504.
562 931 770 975 Eleas..
792 965 799 975 .
826 932 1082 977 harenas:
1098 932 1225 976 ludos
1246 931 1558 989 Olympiacos;
1577 934 1784 978 novimus
1798 932 2065 990 Sophoclem

368 1003 411 1045 in
461 1001 630 1047 Electra
680 1002 889 1047 Orestem
930 1003 1041 1047 ludis
1090 1002 1314 1059 Delphicis
1363 1002 1576 1051 Θεσσαλὰς
1612 1002 1757 1060 ἔχοντα
1787 1006 1947 1052 ἵππους
1977 1016 2090 1059 (κη’-Δ

370 1082 532 1118 tantem
564 1074 791 1118 induxisse
823 1075 906 1129 (vs.
939 1074 1056 1132 703).

431 1202 530 1247 505.
564 1203 663 1248 hoc
695 1215 855 1257 opus:
890 1206 1181 1249 venationem.

429 1274 716 1318 iactantior
744 1274 823 1317 illi
852 1280 872 1327 Ι
903 1274 1104 1318 virtus:
1131 1285 1248 1319 recte
1267 1277 1414 1320 versio
1431 1274 1792 1321 Franco-Gallica
1814 1277 1858 1320 in
1879 1274 2068 1320 editione

375 1344 591 1389 Nisardii:
643 1346 719 1398 „ils
766 1356 842 1389 ont
882 1355 981 1402 trop
1026 1346 1081 1390 de
1127 1345 1289 1403 fougue
1335 1358 1449 1403 pour
1495 1347 1558 1391 les
1598 1347 1796 1391 combats
1825 1358 1911 1403 que
1945 1345 2069 1390 Mars

371 1415 482 1460 livre
513 1416 622 1460 dans
654 1429 736 1460 nos
766 1416 947 1461 forets'‘.

829 1546 871 1591 3.
905 1547 931 1590 4
963 1547 1083 1602 Equi
1113 1546 1329 1602 Syenitae
1361 1550 1405 1591 et
1437 1547 1608 1592 Parthi.

429 1675 677 1719 507—513.
726 1676 835 1733 Equi
878 1675 1086 1733 Syenitae
1116 1687 1158 1722 et
1191 1677 1341 1721 Parthi
1373 1678 1544 1722 honesti
1575 1678 1751 1734 quidem
1781 1686 1897 1732 sunt,
1927 1663 2071 1732 neque

371 1755 516 1790 tamen
549 1747 635 1803 apti
666 1747 721 1790 ad
753 1747 1005 1791 venandum
1038 1749 1081 1792 in
1117 1749 1224 1793 loeis
1256 1750 1441 1792 saxosis.

432 1875 532 1920 507.
575 1888 672 1920 nec
704 1888 899 1921 saevos
930 1877 1156 1922 miratur
1186 1880 1350 1933 equos
1382 1879 1597 1922 terrena
1631 1876 1830 1932 Syene:
1861 1887 1904 1921 et
1920 1875 2071 1933 Syene

374 1948 555 1990 miratur
587 1959 726 2004 equos
757 1960 863 1992 suos
894 1961 984 1992 non
1016 1961 1164 2003 acres;
1196 1960 1278 1993 nee
1307 1959 1475 1993 saevos
1505 1958 1548 1992 et
1579 1961 1669 1993 non
1700 1946 1945 2002 saevoS,cf.
1965 1947 2073 1991 Pro-

375 2026 483 2073 pert.
535 2017 587 2060 II.
621 2018 660 2061 3.
694 2018 773 2072 5]ss
804 2019 1091 2074 quaerebam,
1124 2019 1247 2063 sicca
1276 2019 1322 2063 si
1347 2022 1510 2074 posset
1534 2019 1683 2074 piscis
1715 2018 1890 2062 harena
1919 2020 1939 2070 l
1969 2028 2091 2062 nec.
2173 2005 2189 2026 '

372 2088 595 2132 solitus
623 2093 766 2143 ponto
796 2090 948 2133 vivere
977 2094 1136 2133 torvus
1166 2101 1289 2145 aper,
1322 2091 1396 2134 ubi
1417 2101 1499 2133 nec
1519 2089 1688 2133 solitus
1709 2109 1764 2126 =
1786 2098 1828 2133 et
1849 2087 2070 2148 insolitus:

377 2158 428 2201 II.
477 2158 575 2213 280,
622 2159 680 2202 52
719 2160 955 2204 vobiscum
988 2161 1167 2215 Europe
1198 2172 1300 2205 nec
1325 2161 1508 2216 proba
1540 2159 1797 2215 Pasiphae;
1832 2158 1909 2203 IV.
1941 2159 1982 2203 7.
2014 2157 2072 2202 65
2099 2163 2101 2167 ’

375 2229 488 2273 haec
547 2242 635 2274 sua
697 2231 917 2275 maternis
976 2232 1181 2286 queritur
1239 2231 1378 2275 livere
1438 2230 1614 2275 catenis
1644 2234 1664 2285 l
1693 2229 1929 2288 bracchia,
1975 2239 2074 2272 nec

376 2300 628 2344 meritas
666 2299 851 2356 frigida
884 2314 1004 2346 saxa
1036 2314 1231 2355 manuS,
1227 2315 1236 2324 ·
1266 2301 1371 2346 Stat.
1405 2301 1513 2347 Silv.
1548 2301 1579 2346 1.
1625 2303 1660 2345 l.
1687 2300 1747 2345 20
1776 2312 1875 2345 nec
1904 2299 2073 2344 tardo

371 2383 515 2427 prope
545 2375 704 2426 raptus
726 2371 923 2428 flumine
954 2384 1103 2425 cursu,
1135 2374 1208 2417 ubi
1239 2384 1322 2416 nec
1351 2373 1485 2416 tardo
1516 2393 1574 2408 =
1604 2381 1646 2416 et
1676 2372 1819 2417 celeri.

435 2454 653 2487 saevos:
687 2443 742 2487 de
773 2455 889 2498 equo
920 2443 1082 2487 dictum
1115 2455 1232 2496 acer,
1261 2441 1421 2500 fortiS.

434 2516 671 2558 terrena·
716 2514 818 2558 sine
865 2514 1106 2568 montibus,
1152 2515 1206 2558 cf.
1256 2515 1353 2559 Liv.
1397 2514 1598 2559 XXXIII.
1648 2513 1698 2557 17
1730 2513 1805 2570 (de
1837 2511 2072 2566 Leucadia)

377 2588 420 2628 et
451 2596 641 2640 campus
671 2588 877 2628 terrenus
907 2586 1059 2628 omnis
1089 2585 1305 2640 operique
1327 2583 1509 2642 facilis.

438 2655 639 2710 Syene:
685 2656 855 2710 Συήνης
902 2669 1002 2700 cum
1045 2668 1260 2712 nusquam
1306 2657 1503 2713 legamus
1549 2668 1689 2712 equos
1721 2654 1937 2710 Syenitas
1968 2649 2072 2712 prae

377 2728 534 2772 ceteris
579 2727 713 2771 fuisse
759 2727 941 2782 nobiles,
990 2727 1274 2771 Burmannus
1320 2727 1489 2772 Sidene
1520 2727 1725 2780 coniecit;
1758 2725 1927 2770 Sidene
1957 2727 2073 2770 enim

378 2799 484 2842 urbs
514 2807 580 2842 est
611 2799 815 2854 proxima
846 2796 1161 2854 Themiscyrae
1192 2799 1235 2841 in
1268 2800 1434 2854 campis
1469 2797 1746 2842 Amazonum
1773 2795 1845 2855 (cl.
1870 2794 2072 2840 Strabon.

380 2868 476 2912 XII.
509 2882 552 2925 p.
584 2867 718 2925 548.),
751 2881 936 2924 quarum
967 2870 1067 2924 equi
1099 2869 1372 2912 celeberrimi
1409 2878 1523 2913 sunt.

438 2997 539 3042 508.
588 2997 805 3042 scilicet:
852 2997 1115 3042 vocabulum
1161 3010 1261 3043 cum
1306 3001 1487 3042 terrena
1533 3006 1650 3041 reete
1695 2997 1830 3053 iungit
1862 2994 2073 3055 Vollmer,

379 3071 591 3113 sententia
637 3070 753 3113 enim
800 3069 922 3123 haec,
959 3078 1046 3112 est:
1098 3077 1166 3121 „et
1197 3067 1346 3125 Syene
1378 3080 1518 3124 equos
1548 3080 1654 3112 suos
1685 3079 1839 3124 parum
1871 3076 2076 3110 strenuos

381 3139 632 3195 admiratur,
665 3141 827 3196 quippe
859 3151 970 3195 quae
1001 3148 1145 3183 careat
1176 3139 1337 3182 saxis''.
