2210 3568
1182 217 1241 262 66

427 345 519 390 184.
553 346 688 390 sicut
720 346 1031 391 Acarnanes
1062 346 1338 392 subierunt
1368 348 1572 402 proelia
1592 348 1757 394 furto:
1776 350 1830 395 cf.
1851 348 2060 408 Thucyd.

366 413 440 458 ΙΙΙ.
479 413 561 458 108
591 415 630 455 οἱ
659 415 702 455 ἐκ
733 421 807 467 τῆς
840 413 1006 468 ἐνέδρας
1034 414 1286 468 Ἀκαρνᾶνες
1317 417 1593 469 ἐπιγενόμενοι
1616 418 1764 466 αὐτοῖς
1787 421 1898 461 κατὰ
1918 419 2055 464 νώτου

363 485 671 538 προσπίπτουσί
701 499 744 525 τε
776 485 846 525 καὶ
877 483 1106 539 τρέπουσιν.

423 556 727 600 subierunt:
769 555 822 599 cf.
854 554 940 600 257
969 555 1149 601 subiere
1178 561 1309 610 astu‚·
1336 558 1566 602 subeundi
1595 560 1782 603 verbum
1814 561 1869 605 de
1901 560 2056 607 fraude

364 636 405 671 et
446 627 605 671 furtiva
646 627 928 682 aggressione
968 627 1209 682 adhibetur,
1243 628 1295 672 cf.
1329 628 1530 684 Propert.
1569 628 1599 672 1.
1632 629 1672 672 9.
1705 629 1765 673 26
1794 631 1948 676 acrius
1979 631 2062 677 ille

363 697 439 754 (sc.
459 696 617 754 Amor)
645 697 827 751 subit,
859 696 1056 752 Pontice,
1077 698 1123 742 si
1153 711 1244 754 qua
1274 703 1356 742 tua
1386 703 1458 743 est
1467 713 1483 752 ;
1516 698 1650 744 Ov1d.
1676 699 1830 745 Amor.
1851 701 1882 746 1.
1902 701 1946 758 2,
1970 702 2011 747 5.
2030 703 2066 748 6

365 779 485 821 nam,
527 770 654 822 puto,
699 768 930 822 sentirem,
975 769 1021 812 si
1062 781 1151 824 quo
1195 773 1395 813 tentarer
1439 782 1606 814 amore.
1640 774 1659 825 s
1689 783 1752 815 an
1796 773 1934 818 subi
1948 777 1967 818 t
2016 777 2062 818 et

363 838 505 882 tacita
544 838 739 882 callidus
778 842 877 882 arte
906 843 1057 903 nocet;
1092 839 1275 884 Heroid.
1310 840 1457 885 XVIII
1490 840 1658 899 (Hero)
1689 842 1759 886 55.
1793 843 1852 887 56
1880 844 1952 888 sic
1980 844 2065 889 ubi

362 909 577 964 deceptae
618 920 731 963 pars
776 913 847 953 est
892 910 1005 954 mihi
1045 911 1248 955 maxima
1279 912 1426 956 noctis
1456 915 1475 966 s
1506 915 1624 966 acta,
1655 913 1828 957 subit.
1842 913 2064 970 furtim

364 980 540 1024 lumina
560 978 701 1036 fessa
728 992 877 1035 sopor.
943 980 1115 1026 Confer
1143 982 1407 1036 supervenit
1440 995 1572 1027 versu
1612 983 1705 1028 185.

422 1047 588 1093 furto:
620 1050 783 1094 furtim.

430 1190 523 1235 185.
584 1191 733 1235 canis
763 1191 879 1235 illa:
913 1190 1172 1249 Cynegetici
1193 1179 1429 1249 scriptores
1451 1206 1581 1238 canes
1594 1194 1806 1250 feminas
1826 1198 2060 1246 nominare-

365 1262 529 1305 malunt
559 1274 689 1318 quam
722 1270 885 1316 mares,
915 1263 1034 1318 quod
1065 1263 1160 1307 illae
1192 1264 1375 1308 multum
1407 1266 1491 1308 sint
1523 1267 1829 1311 animosiores.

426 1332 494 1376 De
536 1334 714 1376 canibus
746 1333 1047 1378 Acarnanibus
1077 1335 1206 1378 etiam
1238 1335 1354 1391 apud
1387 1335 1598 1380 Babrium
1630 1336 1828 1393 legimus,
1859 1337 1947 1382 fab.
1977 1338 2054 1391 85,

365 1402 449 1459 (ed.
487 1401 693 1461 Crusius)
730 1404 793 1448 10.
827 1406 864 1445 οἱ
895 1403 932 1446 δ’
963 1405 1006 1446 ἐκ
1038 1403 1274 1447 Μολοσσῶν
1306 1407 1404 1449 εἶσιν
1435 1408 1473 1447 οἱ
1503 1406 1539 1448 δ’
1571 1407 1869 1461 Ἀκαρνάνων.

433 1543 525 1587 186.
574 1545 846 1600 clangore:
889 1546 942 1590 cf,
984 1546 1133 1604 [Xen.]
1176 1546 1352 1605 Cyneg.
1396 1548 1436 1591 3.
1479 1548 1549 1592 21.
1589 1550 1635 1589 αἱ
1673 1547 1710 1590 δ’
1741 1549 1784 1590 ἐκ
1815 1557 1902 1591 τῶν
1933 1551 2061 1606 ἰχνῶν

367 1614 685 1667 κεκλαγγυῒαι
715 1615 935 1665 ἐξαπατᾶν
967 1626 1192 1671 πειρῶνται
1225 1617 1313 1659 κτλ.
1347 1618 1544 1674 Clangor
1576 1619 1720 1663 differt
1752 1633 1775 1663 a
1806 1621 1992 1672 Ζαΐαΐηι,
2014 1630 2064 1665 ut

366 1683 523 1738 κλαγγή
556 1699 579 1729 a
613 1699 723 1730 voce
754 1685 949 1739 ὑλαγμός.

425 1756 579 1800 citat:
611 1778 668 1793 =
699 1759 880 1813 exeitat;
910 1759 963 1802 cf.
998 1759 1170 1803 Lucret.
1205 1759 1259 1804 V.
1282 1759 1463 1804 1250-51
1503 1772 1611 1804 nam
1632 1759 1780 1815 fovea
1801 1764 1939 1816 atque
1962 1761 2065 1817 igni

362 1827 495 1882 prius
532 1831 602 1871 est
641 1828 850 1872 venarier
888 1833 1036 1873 ortum
1076 1835 1096 1882 l
1136 1841 1273 1885 quam
1313 1831 1496 1885 saepire
1535 1831 1688 1886 plagis
1727 1832 1898 1877 saltum
1937 1833 2060 1877 cani-

367 1898 539 1953 busque
569 1899 622 1942 ci
631 1910 725 1942 ere
734 1912 750 1952 ,·
783 1898 917 1944 Ovid.
955 1900 1142 1944 Halieut.
1175 1900 1233 1945 78
1263 1905 1309 1944 et
1334 1902 1534 1956 produnt
1563 1902 1758 1946 clamore
1779 1901 1948 1958 feram.

433 1969 524 2013 187.
553 1969 845 2024 malignum
863 1970 1114 2014 officium:
1130 1972 1339 2015 industria
1356 1973 1614 2016 venanthus
1632 1973 1832 2030 maligna,
1849 1975 1949 2031 quia
1961 1974 2061 2018 fera
2168 1977 2170 1979 ’

367 2040 521 2083 latratu
552 2050 670 2084 mota
701 2041 978 2085 occasionem
1010 2039 1138 2083 habet
1169 2040 1397 2083 evadendi.

434 2180 526 2224 188.
559 2180 731 2225 illa...
773 2180 1012 2225 convicia
1042 2180 1211 2235 rupit:
1245 2182 1492 2226 convicium
1525 2191 1591 2226 est
1623 2195 1715 2226 vox
1745 2183 1988 2227 inordinata
2017 2193 2064 2228 et

368 2251 563 2306 confusa,
596 2252 648 2295 cf.
687 2251 776 2296 Ov.
812 2251 917 2296 Met.
941 2251 1014 2294 XI.
1046 2251 1136 2296 600
1165 2263 1257 2295 ηοη
1273 2251 1385 2295 moti
1390 2251 1587 2307 flamine
1602 2253 2058 2306 ramishumanaeve

366 2334 531 2366 sonum
561 2323 756 2366 reddunt
786 2322 991 2366 convicia
1020 2322 1216 2377 linguae.
1267 2322 1455 2366 Phaedr.
1497 2322 1527 2366 1.
1564 2323 1606 2366 6.
1639 2323 1666 2366 4
1683 2336 1778 2380 sqq.
1820 2324 2060 2368 clamorem

367 2404 510 2437 ranae
539 2393 765 2436 sustulere
795 2394 856 2436 ad
884 2393 1053 2437 sidera.
1083 2393 1322 2446 sconvicio
1350 2397 1583 2469 permotus
1615 2394 1793 2449 quaerit
1823 2394 2058 2449 Iuppiter]

368 2475 557 2508 causam
588 2463 825 2518 querellae.

413 2529 595 2588 rupit:
645 2534 777 2590 Verg.
827 2533 936 2578 Aen
970 2533 1042 2577 XI.
1076 2534 1161 2578 377
1198 2535 1279 2578 dat
1309 2535 1543 2619 gemitum,
1588 2534 1924 2590 rumpitque
1969 2534 2060 2578 has

369 2606 461 2649 imo
486 2608 667 2660 pectore
697 2616 843 2658 voces,
877 2604 929 2648 cf.
967 2603 1192 2648 Graecum
1223 2606 1326 2649 illud
1358 2605 1530 2659 ῥήγυυμι
1561 2605 1715 2658 φωνήν.

422 2676 552 2720 Bene
583 2675 769 2731 explicat
802 2674 1021 2718 Vollmer:
1045 2674 1166 2730 fecit
1196 2679 1245 2718 ut
1275 2679 1515 2730 erumpant
1544 2676 1754 2719 latratus.

434 2816 527 2860 189.
559 2816 835 2859 nimius...
873 2815 1051 2859 favor:
1083 2818 1264 2859 nimium
1296 2826 1338 2860 et
1359 2826 1684 2872 praematurum
1705 2818 1909 2870 studium,
1926 2818 2061 2861 nimia

369 2889 585 2944 voluptas,
632 2887 685 2931 cf.
731 2886 820 2930 230
857 2887 940 2929 sed
979 2897 1036 2929 ne
1079 2898 1169 2941 qua
1209 2898 1266 2930 ex
1306 2887 1449 2931 nimio
1486 2887 1644 2931 redeat
1675 2888 1851 2931 iactura
1872 2880 2060 2943 fav6re,

367 2958 455 3003 240
487 2963 536 3002 ut
566 2970 623 3002 ne
651 2958 801 3013 prima
821 2956 1062 3013 faventem
1088 2957 1283 3011 pignora
1300 2957 1498 3013 fallant;
1519 2959 1703 3001 verbum
1711 2957 1911 3014 favendi
1926 2969 2059 3014 saepe

366 3031 598 3074 adhibetur
638 3029 692 3073 de
723 3030 787 3080 iis,
819 3029 893 3084 qui
926 3039 1036 3071 vana
1068 3027 1255 3083 quadam
1287 3029 1466 3072 alicuius
1497 3030 1559 3072 rei
1592 3029 1812 3085 voluptate
1843 3037 2057 3082 tenentur,

369 3101 422 3144 cf.
459 3100 549 3145 Ov.
575 3099 679 3144 Met.
705 3098 778 3142 III.
811 3098 898 3142 388
929 3096 1086 3155 (Echo)
1116 3101 1161 3140 et
1189 3098 1338 3141 verbis
1358 3097 1495 3154 favet
1517 3098 1596 3143 illa
1615 3099 1790 3143 suis=
1807 3099 2059 3143 delectatur.
