2210 3568
976 222 1034 266 55

52 333 59 341 ἢ
142 354 305 402 Tibull.
342 355 373 400 1.
407 354 449 399 6.
483 353 543 399 33
573 356 656 398 tua
685 353 732 397 si
760 352 882 397 bona
912 352 1066 397 nescis
1095 355 1115 407 l
1146 354 1344 407 servare}
1370 353 1556 411 frastra
1577 351 1722 396 clavis
1745 352 1865 396 inest

2 387 9 400 s
24 398 53 466 'J'
129 426 336 486 foribus;
371 428 401 471 1.
435 427 476 471 5.
508 425 580 470 28.
610 436 696 481 pro
725 420 880 480 segete
909 423 1080 480 spicaS,
1109 435 1195 479 pro
1221 435 1360 480 grege
1381 423 1513 481 ferre
1542 423 1724 479 dapem.

143 531 146 534 -
202 497 340 556 Apud
393 497 638 555 Vergilium
685 500 837 541 contra
883 496 1061 552 saepius
1108 496 1273 540 vocalis
1305 497 1455 541 brevis
1487 505 1587 540 ante
1618 495 1728 540 duas
1759 507 1865 540 con-

141 579 354 616 sonantes
385 569 661 627 producitur,
692 567 746 612 cf.
774 565 945 624 Georg.
968 565 1000 618 1=,
1024 565 1106 610 153
1122 566 1382 622 lappaean
1399 566 1641 623 tribolique
1659 566 1864 623 interque

142 641 342 687 nitentia
386 640 525 693 culta,
574 639 607 692 1,
661 638 743 682 164
788 637 1051 693 tribulaque-2
1089 638 1368 694 traheaeque
1398 641 1444 682 et
1476 638 1634 694 iniquo
1660 638 1863 694 pondere

39 736 42 738 ·
140 712 298 766 rastri,
345 711 378 765 1,
425 711 515 756 352
555 709 809 766 aestusque
844 709 1122 765 pluviasque
1167 713 1213 753 et
1258 712 1449 765 agentes
1470 709 1656 766 frigora
1686 713 1862 763 ventos,

144 783 178 838 1,
208 783 291 829 371
331 781 538 839 Eurique
568 781 854 838 Zephyrique
884 784 1015 825 tonat
1046 781 1222 825 domus.

172 870 173 873 ¹
204 855 336 914 Apud
383 853 609 900 Grattium
651 862 797 898 tamen
839 852 1014 898 duobus
1046 860 1222 897 ‘tantum
1256 853 1473 905 versibus,
1504 863 1550 898 ut
1582 853 1666 898 loci
1694 854 1862 899 collecti

138 928 328 973 docent:

209 998 304 1044 141.
339 998 551 1053 detrahe;
582 996 820 1045 frondosas
849 1006 1005 1055 gravat
1035 996 1301 1054 indulgentia
1332 996 1467 1041 silvas

209 1069 304 1116 142.
339 1079 442 1128 post
473 1071 554 1116 ubi
582 1070 782 1127 proceris
812 1080 1030 1126 generosa
1060 1069 1270 1125 stirpibus
1301 1068 1436 1112 arbor

210 1141 304 1187 165.
337 1142 384 1187 in
419 1142 600 1188 stabulis
629 1139 834 1198 ultroque
864 1152 1049 1199 gravem
1079 1140 1319 1184 succedere
1350 1140 1479 1197 tigrin

210 1212 304 1258 168.
339 1212 412 1259 ille
443 1214 518 1259 tibi
550 1222 593 1259 et
625 1213 846 1271 pecudum
879 1211 1017 1257 multo
1049 1223 1149 1256 cum
1180 1210 1394 1269 sanguine
1425 1221 1594 1257 crescet

201 1284 303 1331 253.
339 1285 410 1330 hic
441 1294 485 1330 et
515 1285 768 1331 semiferam
801 1284 954 1329 thoum
985 1284 1041 1328 de
1072 1283 1285 1341 sanguine
1316 1283 1487 1340 prolem

199 1356 306 1403 259.
339 1357 524 1415 νοΙρίη·
552 1358 750 1415 species:
784 1366 930 1401 tamen
962 1355 1062 1400 huic
1092 1364 1248 1400 exacta
1279 1355 1484 1400 voluntas

201 1427 303 1475 289.
339 1440 608 1487 percensere
638 1429 754 1473 notis
784 1429 960 1484 iamque
991 1427 1094 1472 inde
1124 1426 1369 1471 excernere
1400 1439 1566 1484 prauos

201 1499 303 1546 366.
337 1501 410 1546 illa
440 1502 590 1560 gravis
619 1500 741 1545 labes
770 1509 814 1544 et
844 1500 962 1544 curis
992 1498 1118 1543 altior
1149 1498 1230 1542 illis

198 1571 302 1618 372.
336 1581 410 1618 aut
441 1574 599 1618 merito
631 1573 801 1618 veniast
832 1580 906 1616 aut
935 1583 1039 1629 spes
1070 1570 1195 1617 exire
1226 1573 1422 1628 precanti

199 1644 303 1700 412.
340 1656 498 1703 sparsa
529 1643 687 1688 malost
718 1655 775 1688 ne
806 1643 900 1688 dira
931 1643 1104 1688 trahant
1134 1643 1334 1700 contagia
1366 1642 1524 1698 volgus

200 1715 304 1762 451.
338 1728 367 1762 o
399 1717 599 1774 quisquis
631 1716 795 1760 misero
827 1715 894 1760 fas
924 1719 1135 1772 umquam
1167 1716 1211 1759 in
1241 1712 1439 1772 supplice
1470 1713 1599 1772 fregit

201 1786 302 1832 462.
338 1787 408 1833 his
438 1787 541 1833 lav&
569 1787 799 1845 praesidiis
830 1786 1087 1844 adfectaque
1117 1798 1308 1844 corpora
1341 1786 1483 1830 mulce

202 1858 304 1905 500.
339 1860 547 1918 corpora,
580 1860 875 1916 praeveniens
907 1858 1131 1915 quondam
1163 1867 1229 1902 est
1256 1857 1539 1902 incommoda
1572 1858 1712 1901 virtus

201 1931 303 1977 510.
343 1929 667 1989 Garganumve
699 1939 869 1975 trucem
901 1939 974 1974 aut
1007 1929 1240 1987 Ligurinas
1271 1929 1464 1987 desuper
1496 1928 1632 1987 Alpes

201 2002 304 2047 527.
338 2011 537 2048 cantatus
572 2000 724 2047 Graiis
756 2001 966 2059 Acragas,
998 2002 1228 2058 victaeque
1259 2001 1501 2059 fragosum.

202 2073 342 2120 Vides
376 2073 673 2120 Wernsdorfii
705 2075 1004 2118 coniecturam
1038 2074 1214 2130 dignam
1246 2085 1362 2126 esse,
1392 2085 1506 2130 quae
1542 2073 1859 2131 perpendatur3

140 2158 214 2191 me
245 2155 394 2192 tamen
426 2147 659 2198 incertum,
690 2145 795 2202 quid
812 2147 855 2190 in
874 2155 995 2190 textu
1017 2158 1248 2203 ponerem,
1260 2156 1489 2202 generosa
1504 2158 1558 2189 an
1572 2156 1860 2202 generosam,

143 2217 330 2263 Ausonii
374 2217 498 2262 locus
530 2217 715 2275 impulit,
746 2226 793 2262 ut
824 2229 1038 2290 sequerer
1069 2218 1265 2262 codicem
1280 2232 1303 2261 :2
1323 2217 1507 2265 confero
1538 2218 1656 2262 enim
1691 2215 1859 2261 Auson.

143 2289 320 2334 Mosell.
353 2287 443 2333 448
475 2291 553 2333 ast
584 2300 669 2345 ego
700 2291 875 2345 quanta
907 2289 999 2333 mei
1028 2289 1207 2333 dederit
1236 2300 1288 2333 se
1319 2300 1438 2333 vena
1468 2288 1674 2344 liquoris.

209 2431 303 2477 143.
367 2431 659 2487 teretisque
700 2431 874 2477 ferent
905 2433 974 2476 ad
1005 2431 1182 2477 sidera
1213 2432 1427 2488 virgae:
1450 2430 1611 2489 ferent
1641 2432 1706 2488 Αξ
1739 2431 1861 2477 Voll-

142 2516 293 2549 merus
326 2504 528 2548 adnotat:
566 2516 736 2561 „neque
767 2505 1067 2549 intransitivus
1097 2517 1205 2549 usus
1236 2505 1342 2548 mihi
1373 2505 1606 2581 probatur<
1618 2516 1698 2549 nec
1725 2504 1860 2549 credo

139 2587 196 2622 se
226 2588 284 2621 ex
315 2576 438 2620 initio
471 2588 631 2620 versus
662 2587 795 2633 posse
827 2576 1097 2629 subaudiri’',
1129 2577 1402 2633 coniecitque
1424 2574 1604 2632 serens,
1636 2585 1682 2620 ut
1702 2575 1861 2620 teretis

141 2646 300 2703 virgae
344 2648 401 2691 sit
450 2649 709 2704 genetivus;
757 2647 836 2692 sed
878 2660 1037 2692 revera
1070 2649 1258 2692 verbum
1281 2646 1440 2704 ferent
1471 2660 1721 2705 pronomen
1752 2658 1805 2691 se
1835 2660 1859 2690 a

143 2719 286 2765 verbo
316 2719 495 2764 deden't
527 2731 708 2763 sumere
739 2719 948 2763 discimus
979 2731 1037 2763 ex
1070 2718 1255 2764 Aeneid.
1281 2719 1296 2763 1
1320 2718 1432 2764 587:
1453 2719 1623 2763 scindit
1643 2731 1696 2763 se
1716 2719 1861 2763 nubes

142 2793 191 2835 et
231 2790 282 2835 in
319 2790 513 2835 aethera
553 2793 722 2846 purgat
763 2794 998 2846 apertam
1026 2790 1199 2846 teretiS,
1241 2803 1361 2835 nom.
1404 2791 1516 2848 plur.
1550 2790 1604 2836 cf.
1638 2790 1858 2845 Sommer,

147 2860 400 2907 Handbuch
438 2861 485 2920 ι),
518 2876 559 2920 p.
593 2862 694 2907 416.

203 2933 274 2977 ad
316 2932 520 2981 sidera:
551 2934 605 2979 cf.
640 2933 775 2991 Verg.
813 2932 983 2991 Georg.
1018 2934 1056 2978 11
1089 2934 1175 2979 427
1207 2933 1376 2993 (poma)
1406 2934 1470 2978 ad
1484 2934 1641 2979 sidera
1656 2933 1859 2989 raptim]

140 3003 193 3049 νὶ
219 3004 410 3060 propria
442 3004 662 3051 nitantur.

210 3148 304 3193 144.
369 3147 577 3205 stringe
610 3150 795 3195 notas:
828 3149 881 3194 cf.
916 3149 1051 3208 Verg.
1079 3149 1248 3208 Georg
1275 3149 1330 3202 11,
1352 3148 1463 3193 368:
1485 3148 1660 3204 stringe
1678 3158 1861 3202 coma-5,-
