2210 3568
1159 223 1240 266 116

343 363 490 409 eaque
515 363 629 409 grex
654 352 891 408 perluitur.
922 351 1006 396 hoc
1030 352 1164 396 modo
1187 354 1394 396 curatum
1413 363 1556 407 pecus
1581 354 1676 396 toto
1691 363 1815 396 anno
1829 352 2039 398 scabrum

337 424 448 482 fleri
477 435 570 468 non
595 434 737 479 posse
770 422 932 467 Celsus
963 421 1192 480 adfirmat.

406 494 552 540 Varro
583 493 655 552 (de
686 506 736 538 re
766 502 872 538 rust.
907 492 960 538 11.
1001 494 1035 537 l.
1067 492 1164 549 23):
1192 490 1495 550 perfunditur
1522 504 1646 548 aqua
1676 496 1722 537 et
1740 451 2034 548 perunguitur

344 564 446 609 oleo
476 567 521 609 et
550 564 659 609 vino
688 562 933 622 tepefactO,
965 567 1010 608 et
1043 563 1150 608 item
1180 563 1280 608 cibo
1303 564 1561 608 sustinetur
1583 566 1627 608 et
1654 563 1842 608 inicitur
1863 562 2042 620 aliquid

345 648 403 680 ne
423 634 583 692 frigus
613 635 785 679 laedat.

405 706 523 751 idem
540 706 611 763 (de
627 718 677 751 re
693 715 799 751 rust.
815 704 869 750 11.
894 706 958 750 11.
976 705 1040 762 7):
1062 705 1120 749 de
1134 708 1326 750 tonsura
1343 705 1497 749 ovium
1508 705 1710 760 primum
1725 703 2042 749 animadverto

345 780 593 832 antequam
636 776 858 832 incipiam
896 774 1074 834 facere,
1110 788 1220 820 num
1264 776 1467 820 scabiem
1508 778 1591 820 aut
1632 775 1784 820 ulcera
1829 774 2040 830 habeant,

347 851 396 892 ut
439 847 485 891 si
531 858 648 903 opus
694 850 766 891 est
810 850 919 892 ante
965 850 1182 891 curentur
1226 858 1364 902 quam
1409 846 1734 891 tondeantur..
1753 878 1765 891 .
1782 877 1795 891 .
1869 845 2043 892 Tonsas

346 922 549 963 recentes
587 918 746 964 eodem
784 919 860 963 die
885 922 1147 975 perungunt
1176 919 1285 963 vino
1315 921 1360 962 et
1390 918 1518 971 ole0,·
1546 929 1639 962 non
1670 927 1803 961 nemo
1826 915 2053 961 admixta·

345 1001 450 1034 cera
491 989 598 1034 alba
633 993 676 1034 et
709 990 847 1045 adipe
876 990 1040 1034 suilla.
1060 1024 1070 1033 .
1090 1022 1100 1034 .
1138 989 1183 1034 si
1214 1001 1307 1045 qua
1338 989 1387 1034 in
1416 992 1608 1033 tonsura
1635 988 1824 1044 plagam
1854 986 2042 1043 accepit,

345 1071 450 1104 eum
480 1061 628 1105 locum
659 1060 867 1105 oblinunt
891 1060 996 1116 pice
1027 1060 1221 1116 liquida.

406 1130 541 1188 Verg.
578 1130 746 1188 Georg.
781 1130 857 1175 111.
888 1131 1000 1175 441:

523 1202 672 1257 turpis
702 1201 804 1246 ovis
834 1204 1027 1257 temptat
1057 1201 1252 1254 scabies,
1284 1201 1362 1246 ubi
1383 1200 1594 1258 frigidus
1628 1199 1769 1244 imber

522 1272 666 1316 altius
696 1271 759 1316 ad
788 1272 943 1316 vivum
969 1271 1176 1328 persedit
1205 1275 1250 1316 et
1281 1272 1468 1316 horrida
1499 1282 1616 1315 cano
1816 1299 1825 1319 x

523 1343 684 1387 bruma
709 1343 830 1399 gelu,
861 1343 934 1387 vel
963 1354 1066 1387 cum
1095 1343 1245 1387 tonsis
1277 1343 1448 1387 inlotus
1478 1341 1692 1387 adhaesit

522 1414 677 1467 sudor,
708 1417 753 1458 et
783 1413 951 1458 hirsuti
979 1417 1221 1458 secuerunt
1251 1425 1441 1469 corpora
1470 1424 1645 1469 vepres.

407 1483 495 1528 445
526 1484 794 1541 dulcibus
836 1484 1063 1529 idcirco
1094 1483 1325 1542 fluviis
1360 1495 1535 1540 pecus
1576 1494 1735 1527 omne
1767 1480 2065 1543 magistri

522 1555 907 1612 perfundunt,
941 1555 1186 1610 udisque
1215 1555 1376 1600 aries
1408 1555 1466 1599 in
1492 1553 1725 1610 gurgite
1754 1551 1926 1597 villis

526 1629 826 1678 mersatur,
858 1626 1120 1682 missusque
1149 1626 1350 1670 secundo
1381 1625 1544 1683 defluit
1573 1624 1702 1669 amni
1713 1639 1724 1679 ;

525 1700 628 1741 aut
656 1700 880 1741 tonsum
911 1697 1082 1741 tristi
1111 1697 1462 1752 contingunt
1491 1706 1703 1751 corpus
1734 1704 1984 1749 amurga,

524 1770 570 1811 et
598 1779 791 1823 spumas
822 1768 1014 1812 miscent
1043 1768 1221 1823 argenti
1261 1771 1308 1812 et
1350 1766 1594 1824 sulfura
1630 1766 1770 1810 viva

408 1837 496 1883 450
527 1838 783 1895 Idaeasque
807 1839 977 1895 pices
1007 1842 1052 1883 et
1077 1839 1268 1895 pinguis
1300 1838 1500 1894 unguine
1530 1848 1673 1892 ceraS,

525 1910 794 1965 scillamque
824 1910 1134 1966 elleborosque
1160 1909 1321 1966 gravis
1350 1910 1619 1965 nigrumque
1650 1907 1907 1951 bitumen

525 1989 618 2022 non
647 1981 802 2022 tamen
833 1978 928 2023 ulla
960 1979 1109 2034 magis
1135 1989 1360 2041 praesens
1383 1977 1581 2034 fortuna
1611 1977 1818 2021 laborum
1848 1979 1931 2029 est,

525 2059 663 2104 quam
693 2048 738 2093 si
767 2050 872 2105 quis
894 2049 1027 2107 ferro
1053 2049 1207 2105 potuit
1237 2049 1493 2094 rescindere
1522 2059 1752 2100 summum

528 2119 692 2164 ulceris
723 2131 801 2164 os:
829 2121 974 2164 alitur
998 2120 1163 2164 vitium
1192 2120 1395 2175 vivitque
1425 2119 1632 2175 tegendo,

409 2190 496 2235 455
527 2190 635 2234 dum
667 2191 870 2235 medicas
899 2191 1115 2235 adhibere
1146 2202 1313 2235 manus
1342 2190 1405 2246 ad
1434 2190 1622 2235 volnera
1649 2192 1805 2246 pastor

527 2261 737 2317 abnegat,
768 2265 851 2306 aut
881 2262 1071 2307 meliora
1101 2262 1213 2306 deos
1241 2262 1373 2305 sedet
1402 2261 1560 2306 omina
1587 2272 1797 2316 poscens

528 2332 640 2388 quin
669 2332 825 2388 etiam,
858 2333 952 2377 ima
982 2333 1115 2378 dolor
1141 2333 1377 2377 balantum
1407 2333 1570 2388 lapsus
1598 2331 1661 2376 ad
1691 2343 1801 2376 ossa

528 2413 630 2449 cum
651 2401 779 2460 furit
808 2407 945 2459 atque
976 2407 1106 2448 artus
1136 2403 1404 2459 depascitur
1430 2403 1565 2447 arida
1587 2401 1754 2460 febri&

525 2473 705 2530 profuit
737 2474 948 2519 incensos
979 2477 1138 2519 aestus
1169 2478 1376 2518 avertere
1406 2477 1451 2518 et
1483 2474 1604 2518 inter

412 2544 501 2589 460
532 2545 626 2589 ima
648 2544 798 2602 ferire
824 2545 961 2601 pedis
991 2545 1235 2590 salientem
1264 2545 1493 2601 sanguine
1523 2555 1701 2588 venam.

415 2615 678 2673 Geoponica
715 2615 746 2674 ¹)
792 2616 954 2661 XVIII.
1009 2616 1059 2660 15
1109 2616 1386 2674 (compilator
1436 2628 1493 2660 ex
1539 2615 1733 2670 Didymo
1783 2613 1816 2672 2)
1862 2614 2044 2667 haurio:

355 2687 479 2743 ψώρα
517 2686 612 2728 οὐδὲ
652 2688 729 2740 τὴν
759 2687 887 2743 ἀρχὴν
907 2685 1247 2742 Δπροσποελοέσειεν,
1280 2687 1312 2728 εἰ
1344 2684 1403 2734 οἷς
1432 2686 1678 2741 προείπομεν
1708 2686 1811 2738 μετὰ
1843 2686 1889 2725 τὸ
1920 2691 2046 2738 κεῖραι

401 2829 429 2874 ι)
454 2829 626 2866 Cassiani
661 2830 770 2865 Bassi
806 2827 1027 2865 scholastici
1064 2829 1109 2863 de
1142 2839 1182 2864 re
1213 2829 1353 2864 rustica
1385 2828 1535 2872 eelogae
1566 2836 1662 2871 quae
1691 2827 1807 2870 vngo
1833 2825 2047 2870 Geoponica

354 2889 610 2934 appellatum-3
645 2889 785 2933 optima
817 2888 930 2924 editio
962 2893 1021 2923 est
1054 2898 1097 2922 ea
1131 2898 1242 2932 quam
1277 2888 1424 2923 curavit
1455 2889 1481 2924 1.
1522 2889 1564 2922 N.
1592 2887 1732 2930 Nidus,
1759 2885 1918 2930 Lipsiae,
1946 2884 2047 2929 1781,

356 2954 444 2984 tom.
479 2949 491 2983 1
526 2954 563 2984 et
586 2938 646 2993 '113
679 2958 776 2984 anno
813 2948 904 2983 1895
935 2956 1071 2982 novam
1105 2947 1304 2982 editionem
1334 2946 1481 2982 curavit
1509 2947 1555 2982 H.
1583 2946 1704 2982 Beckh
1730 2942 1945 2989 (Teubner).
1992 2942 2047 2978 De

355 3007 529 3043 Cassiani
566 3007 733 3043 fontibus
767 3007 1053 3050 disputaverunt
1090 3016 1124 3040 v.
1158 3006 1191 3040 d.
1226 3008 1268 3042 A.
1303 3007 1449 3043 Gemoll
1478 3004 1835 3049 (Untersuchungen
1872 3002 1965 3037 iiber
1987 3002 2048 3037 die

357 3065 529 3111 Quellen,
561 3067 633 3102 den
665 3065 866 3101 Verfasser
898 3065 972 3100 und
1005 3065 1063 3099 die
1095 3063 1407 3108 Abrassungszeit
1431 3065 1497 3099 der
1523 3063 1752 3107 Geoponica,
1777 3061 1902 3097 Berlin
1931 3060 2048 3105 1883),

357 3135 391 3159 v.
431 3125 465 3159 d.
503 3125 603 3162 Oder
638 3116 825 3168 (Beitrhge
863 3134 929 3159 zui·
967 3122 1196 3160 Geschichte
1233 3123 1268 3157 d.
1307 3122 1620 3158 Landwirtsehaft
1653 3122 1711 3156 bei
1741 3121 1814 3156 den
1847 3119 2046 3156 Griechen.
