2210 3568
1192 235 1273 278 110

375 363 569 419 tegendo
597 366 618 417 s
648 363 754 406 dum
804 362 1006 407 medicas
1051 364 1266 408 adhibere
1315 376 1480 409 manas
1527 367 1589 410 ad
1633 368 1820 412 volnera
1861 373 2073 427 pastor]

375 434 571 489 abnegat
602 436 647 477 et
678 433 868 477 meliora
899 434 1011 477 deos
1041 435 1171 478 sedet
1202 435 1361 479 omina
1388 447 1590 490 poscens
1618 438 1638 494 s

434 563 532 607 384.
566 563 725 607 letale
757 563 983 607 malum:
1017 563 1071 608 cf.
1106 564 1438 628 Nemesianum‚
1485 564 1643 610 Grattii
1674 568 1958 614 imitatorem:
2003 574 2075 616 est

374 634 515 678 etiam
545 634 736 682 canibus
767 634 934 687 rabies,
965 635 1155 679 letale
1180 635 1421 690 periclum.

433 762 532 807 386.
597 763 766 808 subit:
798 765 909 809 clam
942 764 1080 821 gliscit
1112 765 1166 808 ad
1199 766 1373 822 linguae
1406 766 1590 810 radices.

430 892 531 938 387.
594 894 972 938 vermiculum:
1021 895 1075 938 cf.
1125 894 1235 938 Plin.
1274 895 1333 939 H.
1373 896 1430 939 N.
1465 895 1608 940 XXIX
1647 896 1728 940 100
1758 901 1831 955 est
1877 894 2073 944 vermi-

372 964 536 1008 culus
568 965 617 1009 in
647 965 806 1020 lingua
836 977 1001 1009 canum
1033 966 1111 1021 qui
1141 969 1336 1010 vocatur
1364 978 1394 1009 a
1414 965 1602 1011 Graecis
1618 967 1731 1022 lytta
1747 979 1836 1023 quo
1864 973 2071 1025 exempto

372 1034 631 1092 infantibus
661 1036 827 1080 catulis
857 1048 939 1080 nec
970 1036 1120 1080 rabidi
1146 1036 1270 1093 fiunt
1302 1048 1383 1080 nec
1406 1036 1661 1093 fastidiam
1690 1038 1908 1095 sentiunt,

435 1106 556 1159 „Der
585 1107 1011 1164 sogen.—Tollwurm‚
1044 1107 1130 1151 d.h.
1164 1109 1263 1151 eine
1297 1120 1406 1151 vom
1442 1108 1620 1165 Kiirper
1650 1110 1728 1153 des
1759 1109 2072 1167 Zungenbeins

371 1179 485 1222 heim
531 1177 698 1221 Hunde
741 1179 915 1222 median
962 1179 1004 1221 in
1046 1178 1124 1222 das
1157 1178 1496 1234 Zungenfleisch
1529 1181 1843 1237 eindringende
1873 1182 2071 1228 normale

371 1248 658 1303 Bandmasse,
694 1249 780 1305 galt
810 1246 983 1304 friiher
1020 1249 1082 1292 als
1128 1249 1330 1293 Ursache
1371 1250 1450 1294 der
1496 1250 1748 1295 Hundswut
1785 1252 1875 1296 und
1917 1253 2070 1298 wurde

368 1318 550 1363 deshalb
583 1331 670 1363 von
703 1319 787 1363 den
810 1319 978 1376 Jfigern
1011 1320 1080 1363 bei
1112 1322 1274 1376 jungen
1313 1319 1508 1365 Hunden
1543 1323 1742 1375 operativ
1763 1322 2032 1369 entfernt...
2051 1355 2061 1365 .

428 1389 476 1434 In
507 1399 712 1434 neuester
745 1390 841 1434 Zeit
871 1390 970 1434 sind
993 1390 1311 1434 verschiedene
1337 1391 1773 1448 MiKroorganismen
1796 1394 1858 1437 als
1881 1393 2070 1452 Erreger

367 1462 448 1505 der
481 1460 734 1505 Hundswut
766 1463 1021 1518 angegeben
1055 1462 1253 1506 worden.
1290 1462 1588 1507 Bruschettini
1620 1463 1791 1508 machte
1821 1465 1950 1509 einen
1982 1465 2069 1509 Ba-

368 1531 490 1576 cillus
540 1531 668 1576 dafiir
717 1533 1086 1587 verantwortlich,
1135 1533 1337 1577 Memmo
1391 1535 1519 1578 einen
1576 1534 1933 1591 Blastomyceten
1977 1536 2067 1580 und

370 1601 626 1660 Grigorjew
655 1603 800 1659 glaubt
830 1603 935 1647 dasz
966 1603 1046 1647 der
1079 1603 1275 1660 Erreger
1306 1605 1386 1648 der
1419 1604 1524 1649 Wut
1555 1607 1625 1649 ein
1652 1606 1878 1650 tierischer
1899 1606 2067 1651 Parasit

365 1675 429 1718 sei
469 1673 559 1717 und
601 1685 654 1717 zu
697 1673 782 1717 den
816 1673 1066 1717 Protozoen
1101 1674 1280 1730 gehbre.
1332 1675 1416 1718 Mit
1449 1674 1696 1720 Sicherkeit
1728 1678 1782 1720 ist
1812 1677 1959 1722 bisher
1988 1678 2069 1722 der

366 1744 558 1801 Erreger
601 1745 680 1788 der
725 1744 976 1788 Hundswut
1025 1745 1142 1789 nicht
1193 1745 1536 1802 nachgewiesen
1570 1748 1776 1802 worden;
1807 1748 1887 1792 alle
1917 1747 2068 1792 dahin-

363 1815 594 1872 gehenden
628 1815 829 1859 Befunde
862 1815 1074 1859 bediirfen
1106 1815 1177 1859 die
1210 1815 1545 1872 Bestiitigung.‘’
1579 1816 1844 1862 Brockhaus
1883 1818 2005 1862 1908.

422 1885 697 1929 incondita
742 1886 930 1940 pestis:
979 1887 1177 1941 barbara,
1226 1886 1462 1941 horrenda,
1494 1886 1548 1931 cf.
1582 1886 1693 1931 Plin.
1725 1900 1794 1944 ep.
1829 1887 1902 1933 lx.
1941 1888 2004 1932 13.
2036 1889 2064 1933 4

365 1955 597 2001 incondito
627 1956 897 2012 turbidoque
927 1957 1142 2001 clamore.

421 2086 521 2131 388.
539 2087 827 2141 praecepit:
846 2086 1177 2131 Wernsdorlius
1194 2087 1307 2131 duos
1319 2087 1459 2131 adl'ert
1472 2087 1594 2132 locos
1606 2088 1660 2131 ad
1673 2088 2062 2133 demonstrandum

357 2158 621 2214 praecipere
662 2160 734 2202 ubi
781 2159 836 2202 de
868 2168 989 2202 aestu
1020 2167 1258 2214 usurpatur
1290 2157 1525 2214 arefacere
1556 2171 1676 2203 esse:
1713 2158 1846 2216 Verg.
1880 2159 1989 2204 Buc.
2019 2159 2060 2204 3.

361 2227 422 2272 98
464 2228 510 2272 si
553 2228 626 2273 lac
666 2229 950 2284 praeceperit
980 2233 1152 2281 aestus,
1186 2230 1259 2273 ubi
1287 2229 1585 2289 praeceperit,
1619 2242 1689 2273 me
1720 2231 1757 2273 si
1788 2230 1926 2284 audis,
1957 2231 2061 2274 nihil

363 2299 477 2343 aliud
508 2301 590 2343 nisi
615 2300 921 2354 praeripuerit
931 2313 946 2352 ;
980 2299 1114 2345 Ovid.
1137 2300 1250 2344 Fast.
1286 2300 1364 2344 lV.
1398 2300 1487 2347 940
1516 2304 1641 2344 tosta
1670 2300 1770 2344 sitit
1786 2301 1920 2344 tellas
1931 2311 2063 2356 prae·

361 2369 614 2425 cipiturqae
658 2381 803 2425 seges,
851 2372 924 2414 ubi
975 2370 1331 2415 Wernsdorfius:
1373 2371 1659 2426 praecipitur
1684 2391 1742 2407 =
1773 2373 1950 2426 arescit;
1982 2373 2060 2416 sed

361 2442 418 2484 ibi
460 2442 614 2485 melius
659 2451 828 2485 vertas:
871 2442 999 2485 nimis
1033 2442 1232 2486 celeriter
1265 2443 1530 2486 maturescit.
1564 2442 1831 2497 Praecipere
1860 2442 1964 2486 nihil
1994 2452 2060 2486 est

360 2513 465 2556 nisi:
511 2515 621 2556 ante
661 2523 895 2566 occupare,
943 2512 995 2556 cf.
1046 2512 1220 2556 Lucret.
1270 2512 1330 2557 Vl
1372 2512 1558 2556 1049.50
1587 2516 1747 2556 aestus
1779 2513 1855 2556 abi
1885 2513 2009 2557 aen's
2039 2518 2060 2565 Ι

355 2583 590 2638 praecepit
625 2582 832 2639 ferrique
876 2582 981 2626 vias
1021 2583 1233 2637 possedit
1278 2586 1487 2638 apertas,
1535 2582 1759 2628 Sententia
1802 2585 1933 2628 totius
1973 2584 2057 2628 loci

359 2655 489 2699 haec:
523 2655 596 2698 ubi
627 2654 892 2698 vermiculus
924 2653 1163 2708 occupavit
1195 2655 1365 2698 viscera
1397 2654 1527 2710 longa
1559 2655 1627 2698 siti
1657 2654 1805 2708 salsa„
1827 2688 1865 2697 ..
1891 2654 2058 2709 deinde

358 2736 408 2770 se
438 2737 621 2769 movere
652 2725 811 2779 incipit.

416 2854 519 2899 390.
549 2854 867 2908 moliturque
913 2852 1067 2908 fugas
1116 2855 1168 2897 et
1217 2854 1396 2898 sedem
1442 2853 1648 2907 spernit
1695 2865 1961 2897 amaram:
1993 2854 2057 2897 di—

357 2935 513 2969 cuntur
561 2925 668 2969 haec
715 2936 804 2968 non
837 2924 891 2967 de
921 2926 1018 2979 ipso
1050 2936 1158 2967 cane
1191 2937 1340 2980 aegro,
1373 2925 1450 2968 sed
1482 2924 1537 2967 de
1571 2923 1824 2976 vermiculo,
1857 2922 1910 2966 cf.
1943 2933 2056 2978 quae

358 2997 411 3040 ad
458 3008 637 3040 versum
683 2995 770 3039 392
815 3007 873 3038 ex
907 2993 1202 3050 Cynosophio
1235 2995 1472 3051 exscripsi:
1505 2995 1601 3049 πρὶν
1634 2993 1658 3047 ἢ
1689 2989 1762 3036 οὖν
1793 2991 1950 3047 αὐξήσῃ
1984 2993 2052 3032 καὶ

357 3065 465 3122 λάβῃ
497 3067 640 3109 πάντα
668 3068 742 3108 τὸν
774 3064 920 3118 λαιμὸν
952 3071 1027 3105 τοῦ
1060 3065 1180 3111 κυνός
1216 3063 1302 3105 κτλ.

418 3136 555 3192 Quod
594 3150 694 3182 cum
727 3149 814 3180 non
848 3136 1015 3180 videret
1050 3134 1218 3189 VlitIus,
1252 3147 1335 3191 pro
1366 3146 1582 3179 amaram
1614 3134 1797 3179 coniecit
1827 3135 2052 3185 amatam3
