2210 3568
1173 198 1232 242 40

402 329 684 387 Quamquam
745 338 891 373 tamen
951 328 1073 373 locus
1125 327 1669 385 Pseudo-Xenophonteus
1719 340 1853 385 quem
1882 334 2044 390 'supi-a*

343 401 556 457 exscripsi
602 401 775 456 saepius
817 412 917 444 cum
963 408 1115 444 nostro
1151 409 1431 456 comparatus
1466 408 1544 454 est,
1582 400 1719 444 verba
1755 398 1898 445 Gratii
1929 390 2040 458 quoi<

345 471 478 515 modo
513 469 837 527 interpretanda
868 471 965 525 sint,
998 470 1194 515 nondum
1224 478 1404 515 constat.
1439 469 1544 514 Non
1573 471 1846 515 enumerabo
1875 474 2038 534 omne-3

343 543 735 599 interpretationeS,
779 541 858 586 sed
905 541 1147 596 nonnullas,
1195 553 1307 598 quae
1338 554 1362 585 a
1393 541 1536 585 multis
1567 542 1776 598 probatae
1808 541 2043 602 videntuf:
2117 535 2124 551 ⁸

346 611 676 657 Wernsdorfius
706 612 815 658 haec
859 613 1010 657 habet:
1048 613 1175 669 „quid
1221 613 1363 657 dicam
1403 612 1457 656 de
1487 612 1560 657 illo
1591 624 1754 670 genere
1783 608 2047 669 pedicarunr‘

346 695 458 739 quae
502 683 731 739 dentatae,
778 683 919 728 hamis
965 685 1087 739 quasi
1119 683 1320 728 dentibus
1351 684 1556 739 munitae,
1587 692 1629 728 et
1661 683 1867 728 inclusae
1899 681 2044 739 iligna
2115 665 2164 752 33]st
2204 735 2205 738 Ἴ

884 1640 929 1667 ιι.
954 1621 982 1679 ¹⁸?
1000 1622 1177 1692 Ε’πγᾶνιῖ

871 1717 923 1771 b.
951 1716 1158 1785 ὃβςᾶχσε
1194 1734 1271 1785 τῆς
1304 1722 1529 1788 θειςίδὸσ
1548 1713 1566 1728 ⁹

878 1846 920 1875 c.
954 1823 975 1884 ἢ
1003 1824 1138 1885 6'eaeqc‘5

870 1929 919 1977 d.
939 1929 987 1975 τὸ
1019 1921 1171 1991 femor,

866 2048 914 2076 ι.
944 2033 994 2074 «⁸»
1029 2011 1245 2099 ὅ-ςνγμῐί.

614 2128 669 2164 Ex
693 2129 819 2164 libello
846 2129 1008 2165 Mannsii
1034 2123 1161 2174 „Uber
1185 2129 1244 2164 die
1268 2129 1360 2174 Jagd
1387 2129 1444 2163 bei
1469 2129 1542 2165 den
1568 2129 1792 2166 Griechen''.

352 2228 510 2273 robore
540 2228 611 2273 vel
640 2228 772 2285 tigillo
802 2231 941 2285 gravi,
973 2230 1046 2273 ubi
1078 2230 1190 2286 pede
1221 2228 1340 2274 ferae
1372 2238 1620 2286 tanguntur,
1650 2229 1878 2275 inhaerent
1908 2230 1980 2286 illi,
2005 2239 2049 2276 et

354 2308 601 2344 currentem
633 2300 843 2356 gravitate
874 2301 1033 2344 annexi
1066 2301 1240 2344 roboris
1271 2299 1537 2344 retardant.'’
1951 2302 1962 2308 *

418 2369 506 2415 Ubi
551 2370 735 2427 legimus
780 2369 836 2414 de
878 2371 1043 2425 pedica
1088 2371 1230 2426 iligno
1274 2370 1432 2415 robore
1478 2370 1691 2415 inclusa?
1732 2364 1897 2428 Neque,
1929 2372 2062 2422 enim,

356 2441 497 2496 iligna
536 2440 695 2484 robore
735 2442 760 2494 ἡ
791 2444 975 2495 στεφάνη
1019 2441 1250 2498 significari
1287 2451 1443 2498 potest,
1489 2454 1602 2498 quae
1631 2454 1657 2486 e
1687 2441 1788 2486 taxi
1816 2439 2047 2500 (σμίλακος)

354 2513 472 2569 ligno
521 2512 728 2566 nectitur;
776 2510 975 2556 Sternius
1021 2512 1197 2568 dubitat,
1245 2522 1392 2556 utrum
1435 2512 1572 2556 robur
1617 2512 1808 2568 ilignam
1838 2511 2048 2570 significet

352 2586 560 2627 truncum
604 2581 836 2635 maiorem,
883 2567 1014 2638 que'm
1058 2582 1151 2627 fera
1182 2583 1347 2640 pedicis
1378 2583 1595 2641 alligatum
1626 2591 1726 2639 post
1756 2594 1805 2627 se
1835 2581 2048 2639 trahebat,

354 2666 407 2698 an
439 2653 558 2710 quod
588 2653 627 2697 ei
659 2653 920 2710 praeplacet,
951 2653 1157 2697 arborem
1189 2655 1256 2698 cui
1288 2653 1446 2699 affixae
1477 2654 1656 2710 pedicae
1687 2652 1876 2698 fuerunt.

415 2723 469 2769 V.
501 2724 542 2768 d.
578 2721 745 2768 Curcio
776 2723 1171 2780 Ps.-Xenophontis
1201 2724 1285 2768 loci
1315 2726 1549 2769 immemor
1578 2725 1673 2780 ipse
1690 2723 1850 2780 aliquid
1868 2735 1894 2768 e
1913 2722 2049 2768 nihilo

354 2794 499 2849 finxit;
519 2794 889 2851 „probabilmente
900 2795 938 2843 <i
958 2793 1178 2843 lacciuoli>
1198 2807 1334 2839 erano
1355 2796 1570 2852 composti
1591 2795 1635 2838 di
1656 2794 1742 2839 due
1763 2792 2047 2839 sermicerchi

354 2865 527 2919 dentati,
574 2865 616 2909 di
661 2864 795 2920 ferro,
840 2865 1085 2921 impet-niati
1129 2864 1196 2908 fra
1236 2864 1332 2910 loro
1369 2866 1450 2910 alle
1495 2866 1716 2911 estremita
1748 2866 1792 2909 in
1825 2863 1960 2908 modo
1990 2863 2046 2907 da

355 2935 573 2980 chiudersi
617 2936 663 2979 in
707 2947 768 2979 un
811 2934 1098 2979 semicerchio
1144 2948 1224 2991 per
1274 2937 1458 2982 l’azione
1502 2936 1546 2980 di
1591 2948 1677 2980 una
1724 2935 1868 2990 molla,
1900 2945 2048 2979 mossa

354 3005 453 3049 dall’
485 3006 670 3050 animale
699 3005 781 3050 che
813 3005 855 3050 v’
876 3006 1060 3061 incappa
1091 3005 1260 3050 dentro,
1297 3005 1406 3051 Cosi
1438 3015 1611 3051 restava
1642 3015 1796 3050 stretto
1827 3005 1867 3049 al
1888 3004 2048 3050 collo.”

416 3075 573 3132 Neque
619 3076 774 3121 melior
811 3085 876 3120 est
906 3077 1216 3132 interpretatio,
1247 3090 1381 3132 quam
1410 3077 1593 3134 legimus
1622 3078 1666 3120 in
1698 3087 1887 3139 corpore
1912 3075 2051 3131 scrip-
