2210 3568
1207 260 1267 304 26

559 390 695 434 ubera
727 399 814 433 tota
845 399 973 444 tenet,
1007 402 1031 440 a
1063 398 1187 446 tergo
1218 390 1328 434 liber
1358 399 1524 446 aperto,

437 460 525 504 295
556 460 661 503 dum
693 460 837 516 tepida
868 460 1059 516 indulget
1091 461 1218 504 terris
1250 460 1478 504 clementia
1510 461 1685 515 mundi;

558 543 714 574 verum
746 531 818 574 ubi
855 529 1055 574 Caurino
1087 531 1338 588 perstrinxit
1369 530 1534 587 frigore
1571 543 1746 587 vesper,

557 603 757 657 inreptat,
789 602 1003 658 turbaque
1035 612 1192 657 potens
1224 603 1420 658 operitur
1451 603 1591 646 inerti.

442 717 592 773 Quam
638 719 780 775 lepide
827 727 1016 762 metrum
1063 720 1267 775 exprimit
1318 719 1482 777 leporis
1534 720 1831 768 velocitatem:
1877 719 1958 764 201
2010 730 2088 765 aut

379 799 556 833 versuta
586 790 711 845 sequi
743 789 905 846 leporis
937 790 1118 846 vestigia
1151 791 1290 846 parvi.

415 951 417 954 ,
437 906 626 950 Pulchra
648 908 778 951 etiam
800 908 920 951 canis
941 908 1128 951 venatici
1149 908 1396 964 descriptio,
1424 921 1554 964 quam
1572 909 1756 965 legimus
1773 921 1817 953 v.
1833 900 2085 963 220—245,

376 989 489 1032 quos
522 977 589 1021 his
622 979 771 1022 verbis
801 979 902 1022 citat
933 977 1224 1022 Schenkelius
1255 983 1312 1035 (p.
1346 979 1451 1036 442)
1487 980 1581 1032 „die
1603 979 1770 1023 sci-ione
1791 977 2083 1037 Schilderung

375 1047 454 1090 des
486 1048 739 1103 spiirenden
775 1047 966 1092 Hundes
997 1049 1133 1092 deren
1166 1049 1553 1093 Anschaulichkeit
1583 1049 1673 1093 und
1705 1047 1935 1094 Wahrheit
1954 1049 2083 1106 jeden

375 1117 579 1162 erfreuen
627 1132 766 1173 musz,
814 1119 894 1163 der
938 1119 1096 1163 einmal
1144 1121 1220 1163 mit
1266 1120 1345 1163 der
1393 1119 1530 1164 Flinte
1576 1120 1719 1164 himer
1763 1121 1908 1165 einem
1948 1130 2083 1178 guten

377 1187 693 1232 Vorstehhund
725 1189 1108 1246 einhergegangen
1141 1190 1238 1233 ist.'’

436 1304 585 1349 Morbi
617 1316 807 1360 quoque,
840 1306 913 1360 qui
945 1314 1108 1348 vexant
1145 1316 1290 1359 canes,
1323 1305 1524 1349 versibus
1541 1307 1744 1350 nervosis
1761 1306 2080 1351 describuntur.

436 1410 639 1467 Denique
671 1422 819 1453 meum
851 1410 906 1454 de
941 1409 1117 1454 Grattio
1148 1410 1354 1454 iudicium
1385 1410 1615 1467 complecti
1637 1411 1768 1455 velim
1790 1411 1909 1456 hisce
1930 1413 2083 1468 paucis

375 1483 547 1526 verbis:
596 1493 686 1525 non
732 1490 811 1535 est,
854 1481 973 1537 quod
1004 1482 1238 1525 'contendit
1274 1494 1317 1525 v.
1350 1481 1391 1524 d.
1426 1480 1548 1535 Duff,
1581 1491 1710 1538 poeta
1741 1482 1934 1536 odiosuS‚
1963 1491 2084 1528 tenet

374 1565 475 1596 eum
543 1553 617 1608 qui
677 1564 854 1595 carmen
901 1553 996 1595 eius
1049 1552 1148 1608 legit
1195 1564 1335 1608 usque
1381 1553 1435 1596 ad
1478 1551 1633 1607 finem3
1674 1553 1840 1609 spernit
1887 1552 2080 1606 humilia,

374 1635 516 1679 neque
549 1633 693 1666 tamen
725 1624 819 1666 eius
850 1624 990 1666 oratio
1023 1623 1199 1677 tumida,
1233 1623 1365 1666 multa
1398 1635 1510 1679 quae
1541 1623 1656 1679 apud
1689 1623 1796 1667 alios
1820 1625 2079 1679 praesertim

375 1693 616 1750 Vergilium
664 1693 778 1749 legit,
825 1694 868 1736 in
910 1705 1039 1736 suum
1081 1705 1210 1736 usum
1258 1695 1487 1747 convertit,
1519 1695 1778 1750 plerumque
1809 1702 1953 1738 tamen
1982 1694 2081 1750 ipsa

373 1765 510 1808 verba
543 1765 736 1807 mutavit.
773 1762 877 1807 Non
908 1772 973 1806 est
995 1776 1180 1820 magnus
1201 1774 1343 1820 poeta,
1365 1764 1495 1821 longe
1517 1763 1845 1820 posthabendus
1867 1762 2079 1820 Vergilio,

373 1835 523 1879 divino
569 1833 626 1877 illi
671 1834 783 1888 vati3
829 1834 958 1877 nimis
1003 1835 1149 1890 inique
1195 1844 1340 1878 tamen
1386 1835 1441 1878 de
1487 1846 1542 1878 eo
1581 1834 1771 1878 iudicant
1802 1833 2102 1878 Pierleonius·

373 1906 534 1961 quique
579 1916 679 1948 cum
726 1916 780 1948 eo
827 1913 953 1948 stant.
1004 1904 1233 1949 Difficilior
1273 1905 1371 1949 licet
1401 1906 1454 1948 sit
1485 1906 1580 1948 eius
1610 1906 1765 1959 oratio,
1797 1916 1899 1949 raro
1931 1913 2075 1949 tamen

373 1976 575 2019 obscura.
626 1975 861 2019 Praeterea
907 1987 1089 2031 operam
1120 1976 1202 2019 sibi
1233 1975 1364 2030 dedit,
1395 1985 1440 2018 ut
1472 1975 1837 2031 descriptionibus
1868 1975 2094 2019 technicis·

373 2058 484 2101 quae
529 2047 732 2089 dicuntur
762 2047 1009 2090 intericeret
1039 2047 1264 2102 digressus
1295 2058 1384 2090 non
1416 2047 1678 2090 iniucundos
1707 2046 1835 2090 lectu.
1867 2045 1979 2090 Eum
2011 2047 2075 2090 rei

372 2117 578 2160 metricae
610 2117 920 2172 peritissimum
953 2129 1051 2160 esse
1084 2129 1139 2160 ne
1173 2116 1446 2160 Pierleonius
1478 2116 1654 2172 quidem
1686 2125 1828 2172 negat.
1862 2114 1952 2160 Sed
1982 2127 2072 2160 non

371 2188 495 2242 plura
536 2187 590 2230 de
631 2196 749 2230 recte
784 2185 959 2230 Grattio
991 2187 1277 2242 aestimando,
1309 2199 1409 2231 cum
1442 2196 1483 2230 et
1516 2185 1716 2230 Sternius
1746 2195 1788 2230 et
1820 2185 2076 2231 Vollmerus

371 2267 526 2312 poetae
558 2258 695 2300 nostri
728 2258 909 2301 virtutes
942 2259 1104 2313 optime
1135 2258 1418 2302 ostenderint.

370 2398 415 2430 2.
463 2385 577 2444 Quo
608 2388 848 2440 tempore
883 2385 1242 2442 cynegeticon
1274 2386 1394 2431 libri
1424 2386 1609 2441 scripti
1640 2386 1751 2430 sint
1782 2386 2071 2441 quaeritur.

430 2504 625 2561 Egerunt
664 2505 719 2547 de
763 2504 845 2548 hac
883 2517 931 2548 re
959 2518 1001 2549 v.
1034 2505 1075 2549 d.
1112 2504 1287 2559 Cincio,
1321 2504 1418 2549 Riv.
1453 2504 1552 2549 filol.
1587 2505 1711 2549 class.
1744 2503 1904 2548 XXVI.
1944 2503 2068 2558 1898,

369 2588 410 2631 p.
444 2574 620 2618 55—57
666 2585 707 2618 et
752 2576 795 2618 in
828 2575 1155 2631 prolegomenis
1186 2588 1292 2619 suae
1334 2576 1534 2620 editionis
1564 2589 1608 2632 p.
1640 2573 1889 2628 lX—X1113
1923 2573 2069 2631 Cessi,

370 2645 484 2689 Boll.
518 2645 618 2689 filol.
651 2646 776 2689 class.
816 2645 939 2690 1899.
973 2659 1015 2702 p.
1055 2645 1297 2690 133—135.
1705 2660 1707 2663 ’

434 2716 679 2770 Terminus,
726 2719 835 2759 anie
875 2727 1009 2770 quem
1056 2729 1234 2760 carmen
1280 2718 1491 2773 scriptum
1522 2725 1601 2770 est,
1632 2715 1833 2760 facillime
1864 2714 2069 2762 definitur

368 2787 524 2831 collato
567 2798 699 2830 versu
749 2785 902 2831 Ovidii
932 2800 1066 2843 supra
1097 2789 1239 2842 citato,
1273 2787 1342 2831 Ex
1374 2787 1519 2832 Ponto
1552 2786 1629 2831 IV.
1668 2786 1733 2830 16.
1765 2786 1817 2840 4;
1849 2786 1918 2830 hic
1948 2787 2065 2831 enim

367 2866 514 2901 narrat
563 2856 754 2902 Ovidius
799 2870 848 2901 se
897 2856 1058 2902 Grattii
1105 2870 1284 2902 carmen
1330 2868 1483 2902 notum
1531 2858 1750 2912 habuisse,
1796 2868 1899 2901 cum
1947 2856 2069 2901 vivis

366 2929 755 2982 adnumeraretur,
802 2929 828 2971 i.
862 2940 901 2971 e.
949 2940 1049 2971 eum
1096 2929 1292 2972 nondum
1330 2930 1374 2972 in
1405 2929 1583 2973 exilium
1615 2929 1804 2982 abiisset,
1835 2928 1862 2971 i.
1894 2940 1933 2972 e.
1964 2936 2064 2971 ante

367 3011 530 3042 annum
576 2998 605 3042 8
650 3007 748 3054 post
798 2996 1026 3042 Christum
1074 3008 1237 3042 natum.
1304 2998 1422 3043 Cum
1470 3011 1603 3043 versu
1649 2998 1737 3042 312
1782 2999 1979 3054 legamus
2008 2997 2065 3041 de
2118 2992 2125 3001 '

366 3070 544 3124 regibus
575 3069 765 3126 Aegypti
796 3069 1003 3124 expulsis,
1028 3068 1138 3125 fieri
1168 3081 1261 3114 non
1286 3070 1453 3125 potuit,
1491 3073 1541 3112 ut
1568 3080 1750 3113 carmen
1765 3071 1875 3112 ante
1890 3078 2067 3112 annum

364 3141 425 3181 30
455 3143 563 3182 ante
597 3138 700 3184 Chr.
733 3142 892 3182 natum
922 3139 1202 3183 scriberetur.
