2210 3568
1182 243 1263 287 130

417 372 515 416 456.
559 372 641 416 cui
671 373 813 416 bona
849 373 1059 426 pectore
1096 383 1250 416 mens
1285 373 1449 417 est...
1495 373 1625 418 deus
1660 373 1807 418 illam
1843 387 1995 421 aram
2035 382 2058 430 Ι

357 442 565 488 lambit:
597 443 863 487 constructio
894 443 949 487 ad
978 445 1251 498 sententiam,
1283 443 1337 488 cf.
1371 442 1571 501 Thucyd.
1605 444 1682 488 VI.
1709 444 1739 488 6
1759 447 1832 487 οὐκ
1854 445 2053 503 ἄχρηστος

358 514 429 568 ἣδε
463 516 486 568 ἡ
523 514 657 566 ἄνοια,
689 515 746 561 ὃς.

417 585 516 630 458.
549 585 762 629 lambit:
793 584 845 628 cf.
881 584 1016 642 Verg.
1050 584 1159 630 Aen.
1195 584 1248 629 11.
1279 584 1368 628 683
1397 589 1609 641 tactuque
1647 586 1842 632 innoxia
1862 577 2060 643 mollis]

358 657 555 700 lambere
576 655 774 712 flamma
804 667 979 700 comas,
2044 645 2054 653 ’

418 727 672 771 honores:
718 727 927 783 quidquid
971 728 1013 770 in
1061 739 1137 770 ara
1171 726 1270 770 Diis
1302 727 1513 782 adoletur,
1545 728 1691 772 honor
1717 738 1796 783 est,
1827 729 1880 774 cf.
1913 709 2072 788 V'erg,⁴

361 797 473 842 Aen.
507 796 537 841 1.
572 797 641 841 49.
677 796 751 840 111.
791 796 884 841 118.
916 797 1016 841 547.
1051 796 1184 854 [Tib]
1218 797 1293 841 IV.
1334 801 1369 841 l.
1409 797 1502 844 193.
1535 798 1669 855 Prop.
1705 798 1780 843 IV.
1817 799 1859 855 6,
1891 800 1933 845 5.

418 934 518 990 460.
581 941 825 994 tangere:
859 939 1055 995 adipisci.

418 1079 519 1123 462.
581 1079 686 1123 his.
705 1112 746 1124 ..
800 1079 1103 1134 praesidiis:
1154 1081 1238 1124 hoe
1285 1081 1384 1125 oleo
1431 1083 1549 1136 vivo,
1582 1081 1636 1126 cf.
1669 1095 1734 1126 vs.
1768 1082 1854 1126 434
1883 1075 2057 1139 stagna

359 1151 520 1194 sedent
548 1150 680 1194 venis
710 1151 899 1206 oleoque
930 1151 1168 1195 madentia
1199 1151 1320 1195 vivo,

420 1292 520 1336 463.
559 1292 689 1336 deus
720 1294 904 1335 auctor
934 1304 1046 1347 eqs:
1080 1292 1305 1337 Vulcanus
1337 1306 1430 1350 ipse
1462 1294 1545 1338 hoc
1576 1307 1736 1339 munus
1764 1295 1835 1339 dat
1863 1282 2053 1352 ipsaque:

362 1365 445 1408 loci
476 1372 629 1406 natura
661 1363 774 1407 hanc
804 1362 1011 1406 nativam
1042 1362 1201 1421 (suam)
1233 1364 1438 1408 medendi
1471 1374 1607 1409 artem
1639 1375 1756 1410 creat
1788 1375 1830 1411 et
1864 1367 1954 1411 alit.

1066 1503 1139 1548 De
1170 1506 1373 1549 robore.

422 1645 523 1689 464.
585 1643 760 1689 Transit
806 1654 934 1701 poeta
979 1657 1096 1688 nunc
1141 1646 1195 1688 ad
1242 1645 1372 1689 alium
1419 1647 1637 1702 morbum,
1685 1648 1753 1691 cui
1799 1659 1961 1692 nomen
1995 1658 2065 1693 est

369 1716 576 1770 „robur‘'.

421 1789 632 1831 robore:
690 1786 882 1830 Batave:
939 1787 1259 1841 „verstijvende
1311 1787 1512 1843 kramp‘'‚
1563 1786 1830 1833 Germanice
1880 1787 2051 1843 „Starr-

364 1857 583 1915 KrampP’,
600 1857 653 1902 cf.
679 1857 960 1900 Mulomedic.
988 1855 1199 1900 Chironis
1220 1856 1307 1900 315
1342 1858 1401 1900 de
1429 1869 1724 1913 rovoroso.
1758 1860 2059 1915 quodcunque

363 1930 614 1973 iumentum
658 1939 924 1973 rovorosum
957 1926 1109 1984 fuerit
1150 1939 1282 1982 quem
1314 1928 1500 1983 quidam
1531 1929 1855 1974 tetanicum
1885 1930 2055 1975 dicunt.

363 2000 435 2044 hic
480 2002 633 2043 autem
677 1998 735 2042 ab
780 1997 890 2041 aliis
930 1997 1220 2052 opistotonus
1250 1999 1533 2053 appellatur.
1550 2000 1682 2043 cuius
1727 2011 1811 2056 ego
1841 2001 1978 2056 signa
2015 2004 2061 2045 et

363 2069 646 2114 curationem
699 2070 961 2113 demonstro
1016 2073 1061 2112 et
1107 2070 1226 2113 unde
1272 2069 1384 2113 haec
1429 2070 1634 2115 valitudo
1678 2066 1882 2115 accedat*
1910 2075 1955 2115 et
1999 2063 2088 2116 ex‘

364 2141 528 2197 quibus
545 2140 845 2195 passionibus
859 2140 1060 2194 plurima
1080 2140 1301 2184 vocabula
1332 2145 1611 2196 acceperunt.
1634 2145 1744 2186 sunt
1761 2146 1916 2186 autem
1936 2143 2086 2190 robo-.

363 2210 458 2255 rosi
487 2211 623 2266 signa
654 2211 777 2254 haec.
812 2211 897 2254 erit
926 2215 1079 2272 autem
1110 2211 1178 2255 sic
1207 2212 1478 2256 constrictus
1508 2216 1602 2256 toto
1633 2224 1831 2268 corpore,
1863 2213 2052 2258 naribus

364 2281 567 2326 extensis
612 2285 656 2325 et
700 2281 921 2325 auriculis
951 2282 1256 2326 immobilibus
1287 2286 1331 2325 et
1361 2282 1535 2338 rigidis,
1568 2282 1646 2338 qui
1676 2295 1757 2327 nec
1787 2295 1842 2327 os
1871 2284 2050 2339 aperire

361 2355 527 2408 potest,
566 2351 736 2395 cervice
766 2356 902 2407 recta,
927 2353 1076 2408 capite
1112 2356 1313 2408 extenso,
1346 2354 1506 2397 dextra
1549 2354 1740 2398 sinistra
1788 2354 1835 2398 in
1881 2355 2063 2411 cervice
2095 2411 2100 2414 μ

365 2423 424 2467 ab
469 2422 670 2466 humeris
715 2426 886 2478 tensus,
927 2424 1184 2479 conligatus
1224 2424 1282 2467 ab
1328 2424 1473 2468 armis
1515 2424 1807 2480 cruribusque
1836 2423 1881 2468 et
1911 2425 2056 2469 omni-

366 2495 450 2538 bus
461 2494 655 2549 pedibus
668 2494 951 2538 constrictus.
969 2494 1143 2538 nullam
1157 2495 1505 2539 commissuram
1522 2495 1594 2551 (=
1612 2497 1873 2550 iuncturam)
1884 2496 2054 2550 pedum

355 2565 542 2621 flectere
569 2568 721 2619 potest
753 2576 836 2609 nec
865 2565 1080 2608 cervicem
1111 2575 1358 2609 recurvare.
1391 2566 1465 2609 cui
1490 2577 1567 2620 pet
1588 2565 1751 2621 terigia
1779 2565 1817 2623 ¹)
1847 2566 1896 2610 in
1911 2566 2057 2610 oculis

366 2635 524 2691 anguli
569 2635 863 2678 invertuntur.
910 2635 984 2678 cui
1022 2639 1158 2689 caput
1189 2635 1359 2690 erigere
1389 2636 1433 2679 si
1462 2636 1674 2690 volueris,
1704 2636 2060 2691 praecluduntur

366 2705 564 2761 terrigiis
595 2705 726 2749 oculi.
758 2705 831 2748 cui
861 2709 1014 2760 tergus
1044 2705 1207 2749 durum
1239 2710 1284 2749 et
1312 2707 1604 2750 constrictum
1634 2718 1665 2750 a
1695 2706 1848 2750 nervis
1877 2706 1975 2762 erit,
1998 2718 2058 2751 ex

366 2789 457 2833 qua
499 2787 641 2820 causa
671 2776 865 2820 caudam
896 2776 1029 2831 erigit
1059 2788 1139 2819 nec
1151 2788 1272 2831 seam
1318 2789 1497 2821 movere
1542 2789 1624 2821 nec
1659 2776 1846 2834 flectere
1887 2781 2052 2833 potest.

366 2859 506 2892 varus
549 2859 579 2890 a
620 2846 949 2901 posterioribus
988 2850 1177 2890 conatur
1206 2847 1453 2892 ambulare.
1485 2848 1615 2891 cuius
1645 2847 1972 2891 commissurae
2007 2847 2060 2891 in

366 2917 693 2962 ambulandum
737 2929 767 2960 a
813 2917 965 2961 nervis
1010 2917 1234 2971 crepitant
1278 2930 1334 2962 ex
1375 2918 1582 2962 tensione
1627 2929 1866 2962 nervorum
1911 2918 2056 2962 totius

368 2988 570 3043 corporis
615 2988 734 3032 unde
779 2991 824 3031 et
868 2987 950 3031 ilia
994 2988 1110 3031 dura
1142 2992 1185 3031 et
1216 2992 1348 3032 tensa
1378 3001 1408 3032 a
1438 2988 1622 3033 renibus
1653 2989 1850 3034 habebit.
1882 3000 1939 3033 ex
1969 3000 2060 3044 quo

416 3139 443 3184 ¹)
471 3141 675 3186 πτερύγιον,
702 3142 858 3175 morbus
884 3140 993 3175 oculi.
