2210 3568
980 245 1056 289 ⁴111

87 369 134 421 Γ
131 356 237 422 'nod
280 384 383 418 cum
429 383 581 418 sermo
626 374 680 417 sit
717 373 772 418 de
805 374 1064 430 vermiculo,
1096 386 1261 420 amara
1292 386 1410 422 recte
1442 377 1595 433 haben
1627 374 1877 424 defenditur

112 445 273 493 mim
303 443 524 490 vocabulo
554 443 688 488 salsa
720 457 763 488 v.
795 444 907 499 3883
945 456 1155 499 wamara
1167 459 1256 491 von
1295 448 1397 492 dem
1421 449 1663 494 beizenden
1689 447 1874 494 Geruch

129 510 254 564 aa
263 513 542 573 Speichelsss’
577 513 664 570 (H.
698 513 932 574 Schenkl.)

73 579 155 638 ,ν’έᾞζξῖἶᾱ
215 585 318 632 391.
348 585 452 633 hoc
483 587 661 631 motu:
693 598 755 632 sc.
791 587 1036 632 vermiculi.

56 646 108 722 fs
137 646 164 696 ἦ
214 656 318 703 ³92.
350 658 590 704 vertere:
622 677 679 696 =
712 659 833 703 versi
863 667 989 712 sunt;
1022 671 1114 703 aor.
1146 662 1392 717 gnomicus.

82 730 109 789 ζτ
152 746 155 751 ’
213 726 350 777 Cum
381 738 475 775 toto
514 729 621 774 loco
669 740 880 786 compara
924 729 1263 776 Valer.Flacc.
1315 731 1543 777 V11.l24
1573 734 1643 778 sie
1673 734 1872 780 adsueta

151 799 268 847 toris
297 803 344 846 et
373 811 565 846 mensae
594 800 745 845 dulcis
776 800 881 845 erili
910 804 1091 857 [aegra
1106 813 1229 846 nova
1246 802 1341 847 iam
1353 807 1487 859 peste
1502 805 1635 849 canis
1652 805 1873 862 rabieque

70 859 92 916 ὲ
141 869 316 930 flatura
345 874 365 928 l
394 874 506 917 ante
527 869 702 929 fugam
731 875 857 916 totos
888 872 1057 917 lustrat
1088 874 1376 928 queribunda
1403 879 1614 931 penates.

207 1013 310 1060 392.
343 1026 472 1071 ergo
503 1014 672 1060 insita
702 1014 844 1060 ferro
876 1020 896 1068 Ι
926 1015 1036 1059 iam
1067 1016 1271 1061 teneris
1302 1017 1572 1063 elementa
1602 1019 1732 1062 mali
1753 1030 1870 1063 cau·

63 1078 83 1127 ³1
148 1096 349 1143 sasque
387 1086 658 1132 recidunt:
701 1087 756 1132 cf.
803 1085 1072 1145 Cynosoph.
1105 1090 1224 1146 quod
1259 1089 1521 1134 Hercherus
1552 1091 1595 1134 in
1626 1091 1870 1148 appendice

64 1158 84 1219 'J'
149 1157 321 1203 Aeliani
352 1158 501 1214 edidit,
532 1171 576 1216 p.
609 1158 711 1203 590.
744 1159 774 1202 9
805 1159 847 1203 ἓν
878 1167 938 1216 τῷ
970 1161 1085 1201 κάτω
1115 1159 1224 1216 μέρει
1254 1169 1327 1215 τῆς
1347 1159 1534 1216 γλώσσης
1555 1163 1689 1203 αὐτοῦ
1712 1161 1870 1216 δεσμοῖς

60 1250 91 1284 ξ,
147 1242 231 1272 τισι
260 1224 504 1286 κατέχετοιι·
534 1231 723 1283 γίγνεται
755 1230 798 1272 δὲ
829 1227 933 1280 εἶδος
964 1233 1019 1280 εἷς
1050 1232 1277 1286 ἐκτύπωμα
1309 1231 1531 1288 σκώληκος,
1564 1234 1704 1287 ὅμοιον
1737 1234 1868 1288 νεύρῳ

60 1296 80 1333 ”ἶ
149 1297 296 1358 λευκῷ.
339 1301 439 1357 πρὶν
488 1300 513 1355 ἢ
559 1297 634 1345 οὖν
680 1300 842 1358 αὐξήσῃ
889 1304 959 1344 καὶ
1005 1300 1115 1360 λάβῃ
1163 1304 1309 1347 πάντα
1341 1305 1414 1347 τὸν
1445 1302 1595 1359 λαιμὸν
1626 1293 1701 1346 ἑοῦ
1732 1306 1867 1358 κυνός,

60 1375 83 1429 '5
149 1371 374 1428 ἀπόκοψον
405 1372 450 1414 ἐκ
480 1380 553 1427 τῆς
583 1371 770 1428 γλώσσης
801 1374 951 1426 αὐτοῦ,
984 1375 1056 1416 καὶ
1079 1376 1345 1430 θεραπεύσεις
1361 1377 1438 1437 ςτὸν
1460 1376 1592 1419 τόπον
1613 1375 1865 1431 ἐπιτηδείως.

205 1442 317 1489 iam
347 1443 572 1489 teneris:
604 1456 706 1490 cum
738 1457 872 1491 canes
903 1446 1048 1491 adhuc
1079 1447 1207 1503 parvi
1238 1456 1354 1492 sunt.

205 1585 313 1632 393.
342 1587 614 1633 recidunt:
645 1600 709 1634 sc.
741 1598 995 1634 venatores.

64 1772 65 1777 ,
204 1729 309 1775 396.
342 1731 472 1775 ante
502 1730 696 1776 relata.
718 1767 726 1775 .
747 1766 758 1776 .
776 1765 786 1776 .
823 1744 955 1777 nox.
976 1767 985 1776 .
1003 1766 1015 1777 .
1035 1765 1047 1776 .
1079 1735 1325 1779 umbras:
1347 1743 1580 1790 antequam
1603 1746 1695 1778 nox
1716 1734 1863 1779 denuo

55 1830 76 1858 χ
145 1800 339 1860 (relata)
369 1803 526 1848 orbem
559 1804 717 1848 umbra
748 1816 829 1848 sua
859 1804 1060 1849 involvit.

60 2011 62 2013 V
203 1943 306 1990 398.
352 1945 627 1990 blanditur
673 1946 906 1993 mensis:
949 1947 1003 1992 cf.
1056 1947 1375 1993 Nemesianum
1419 1950 1506 2006 qui,
1539 1959 1774 2006 postquam
1808 1949 1862 1992 de

74 2035 84 2056 ἰ
142 2017 266 2062 rabie
325 2018 427 2074 egit,
489 2028 638 2063 narrat
685 2019 914 2075 quomodo
966 2020 1111 2076 possis
1152 2018 1317 2076 furias
1368 2020 1584 2076 repellere
1634 2020 1801 2095 tristes
1843 2024 1863 2075 s

142 2089 282 2144 atque
312 2087 478 2134 iter-am
505 2089 753 2134 blandis
783 2089 978 2135 canibus
1011 2101 1281 2146 componere
1312 2095 1502 2136 mentes.

631 2243 701 2289 De
731 2244 879 2289 rabiei
910 2245 1129 2290 remediis
1160 2246 1368 2302 magicis

48 2429 55 2448 f
82 2439 83 2442 Ἴ
198 2383 300 2429 400.
333 2396 443 2430 non
474 2385 568 2430 illa
600 2389 779 2431 metus
810 2388 1013 2433 solatia
1040 2387 1165 2432 falsi
1195 2394 1216 2442 Ι
1245 2390 1360 2433 tam
1393 2391 1614 2446 longam
1642 2391 1857 2435 traxere

138 2454 325 2502 fidem:
371 2457 454 2502 illis
500 2459 709 2504 remediis
756 2471 845 2504 non
893 2469 981 2505 tam
1028 2461 1103 2505 diu
1151 2460 1259 2505 fides
1306 2461 1451 2507 habita
1497 2471 1577 2518 est,
1624 2474 1669 2506 ut
1726 2462 1857 2506 hodie

139 2540 319 2586 quoque
350 2529 468 2575 utilia
500 2539 723 2588 putentur.

47 2601 50 2608 ⁴
91 2590 93 2593 ’
197 2601 378 2645 metus
417 2599 564 2645 falsi:
603 2602 716 2647 bene
757 2603 919 2647 iudicat
951 2602 1154 2648 Sternius
1184 2605 1247 2649 sic
1279 2605 1539 2649 scribendo:
1576 2607 1644 2658 „in
1681 2603 1855 2650 Grattio

63 2728 66 2730 .
137 2673 218 2716 etsi
264 2672 335 2729 pia
381 2672 600 2731 plenaque
645 2674 834 2719 deorum
873 2677 1037 2731 omnia,
1085 2676 1254 2720 nullum
1286 2686 1431 2721 tamen
1463 2677 1623 2721 anilem
1654 2677 1854 2721 invenies

139 2743 351 2788 metum’'.
483 2784 490 2805 s

50 2846 54 2859 ,
196 2813 424 2859 solacia:
475 2825 734 2873 praecepta:
788 2817 985 2862 remedia
1033 2817 1087 2861 ad
1130 2818 1401 2863 deliniendas
1443 2820 1852 2875 superstitiosorum

58 2888 66 2913 ἶ·
137 2895 309 2931 mentes
338 2888 533 2943 inventa,
564 2885 782 2943 θέλγητρα
815 2887 1149 2942 δεισιδαιμονίας.

195 2956 388 3004 401-3.
429 2958 714 3003 collaribus
746 2984 805 2991 —
835 2959 1065 3005 iussere:
1107 2962 1246 3006 verba
1282 2962 1346 3006 sic
1375 2963 1612 3018 iungantur
1643 2971 1685 3004 et
1716 2960 1853 3018 expli-

43 3032 59 3082 ,ἡ
136 3037 315 3073 centur:
367 3039 494 3083 „sunt
540 3031 615 3087 qui
661 3032 832 3076 iussere
879 3031 1115 3077 collaribus
1160 3041 1242 3082 <ex
1281 3032 1419 3089 pelle>
1450 3032 1600 3076 maelis
1632 3031 1850 3088 lucifugae

47 3123 65 3158 ,μ
111 3098 307 3150 ·<factis>
335 3102 546 3147 inducere
577 3103 733 3147 cristas
763 3103 956 3159 <galli>.”

197 3169 267 3216 De
288 3172 534 3218 collaribus
563 3173 710 3219 Varro
727 3174 783 3219 de
803 3186 854 3218 re
885 3184 992 3219 rust.
1027 3174 1080 3220 11.
1114 3175 1155 3219 9.
1179 3176 1243 3219 15.
1277 3176 1386 3219 haec
1419 3174 1570 3219 habet:
1604 3185 1662 3218 ne
1691 3174 1850 3218 vulne-
