2210 3568
973 254 1047 299 121
1117 235 1123 242 '

152 387 375 443 vadum,
431 362 565 443 quod*
613 390 685 431 est
720 385 1002 443 foramen
1049 384 1198 440 ipsius
1244 386 1347 440 coli,
1395 398 1529 443 quem
1578 387 1725 431 locum
1773 388 1871 431 citat

154 458 553 514 Radermacherus,
601 459 675 516 qui
722 467 870 502 tamen
917 456 1035 514 apud
1086 454 1311 501 Granium
1359 469 1519 503 vocem
1565 457 1690 502 vada
1722 457 1871 502 valere

156 529 381 577 intestina
423 539 558 589 putat.

212 648 315 696 424.
377 660 476 694 nec
521 659 631 692 non
662 649 848 692 tamen
881 646 1034 690 illum
1065 651 1085 699 Ι
1117 647 1360 701 spumosi
1392 647 1600 692 catulos
1631 659 1872 704 mergen-

152 722 264 768 tem
304 720 480 766 litoris
521 720 681 764 aestu
711 723 732 772 Ι
761 718 1002 784 respicit.
1035 729 1118 763 nec
1150 730 1240 763 non
1273 728 1418 764 tamen
1450 740 1509 756 =
1541 729 1785 776 practerea,
1817 719 1871 764 cf.

153 803 268 851 quae
297 803 433 850 supra
464 792 520 836 ad
552 803 620 836 vs.
651 790 742 835 240
773 791 998 835 adnotavi.

214 862 354 910 Poeta
398 863 485 908 hoc
530 863 655 908 dicit:
703 861 866 919 Apollo
912 863 1033 906 iuvat
1078 873 1196 916 curn,
1243 863 1318 918 qui
1356 873 1489 906 canes
1519 862 1563 906 in
1595 863 1730 907 maris
1760 875 1874 920 aqua

138 934 284 992 xlavat,
331 933 388 981 cf.
438 933 661 979 Catonem
712 933 787 989 (de
834 945 884 978 re
929 943 1037 977 rust.
1079 932 1156 989 96)
1203 933 1370 977 deinde
1410 933 1554 978 lavito
1587 933 1635 977 in
1666 933 1799 989 mari,
1830 944 1874 978 et

157 1005 454 1053 Columellam
504 1004 604 1050 Vll.
652 1004 694 1049 4.
739 1005 769 1049 7
814 1004 859 1048 si
905 1008 976 1048 est
1020 1004 1195 1048 vicinia
1241 1003 1387 1048 maris
1431 1004 1495 1048 ad
1534 1004 1646 1048 litus
1677 1003 1874 1050 deducta

155 1081 388 1124 mersatur
398 1090 416 1131 ,·
477 1076 727 1135 Vegetium,
776 1076 965 1120 Mulom.
1013 1074 1069 1120 11.
1125 1075 1219 1120 135.
1267 1075 1297 1120 6
1341 1075 1386 1119 si
1431 1079 1661 1120 vetustate
1692 1076 1875 1121 scabies

153 1149 432 1203 occalluerit,
458 1148 595 1206 prius
625 1147 861 1192 eradenda
884 1145 1020 1205 ferro
1049 1148 1123 1191 vel
1155 1147 1289 1192 testis
1309 1147 1373 1192 ad
1400 1147 1558 1192 vivum
1579 1151 1662 1204 est,
1687 1148 1876 1204 insuper

155 1222 361 1268 humano
390 1220 507 1268 lotio
538 1232 642 1266 cum
672 1231 799 1276 aqua
831 1219 1015 1264 marina
1045 1219 1119 1264 vel
1148 1220 1281 1264 salsa
1312 1219 1458 1264 mixto
1482 1217 1801 1277 perfricanda.

213 1351 317 1398 426.
377 1351 632 1396 facilis...
687 1351 743 1394 in
791 1353 963 1395 artes:
1010 1363 1100 1395 non
1142 1363 1338 1408 „pronus
1370 1352 1412 1395 in
1445 1360 1562 1396 artes
1593 1353 1874 1397 venatorias'’

156 1425 258 1482 qula
301 1425 399 1482 ipse
446 1423 572 1468 Deus
623 1423 802 1468 venatui
849 1423 1022 1467 deditus
1062 1431 1143 1476 est,
1175 1432 1222 1466 ut
1254 1423 1431 1479 putabat
1464 1421 1765 1478 Burmannus,
1795 1423 1874 1467 sed

161 1497 405 1554 ‚benignus
435 1495 793 1552 aegrotantibus”
827 1503 873 1538 ut
903 1494 1093 1551 explicat
1125 1492 1341 1538 Sternius,

217 1566 399 1613 Paean
432 1587 488 1605 ==
521 1565 697 1624 Apollo.
747 1565 796 1610 in
841 1568 981 1620 artes,
1028 1564 1083 1610 cf.
1132 1564 1246 1610 inl’ra
1292 1564 1380 1609 498
1425 1577 1519 1610 ηοη
1564 1577 1699 1610 omne
1746 1576 1876 1610 meas

153 1648 306 1695 genus
335 1638 479 1683 audet
509 1638 559 1682 in
589 1637 721 1682 artis

217 1768 318 1815 427.
382 1782 415 1814 o
453 1780 637 1814 rerum
669 1769 904 1823 prudens
945 1802 983 1812 ..
1003 1801 1043 1811 ..
1083 1767 1442 1823 experientia:
1472 1769 1696 1825 genitivus
1723 1779 1877 1812 rerum

158 1841 322 1900 pendet
353 1854 378 1886 a
410 1853 524 1886 voce
551 1840 759 1897 prudens
790 1840 845 1885 cf.
884 1838 1332 1898 KiihnerStegmann
1367 1839 1421 1884 11.
1462 1841 1494 1883 1.
1529 1853 1570 1896 p.
1606 1840 1739 1884 437b.

218 1943 318 2006 428.
377 1960 601 2016 largita:
632 1972 695 2005 sc.
728 1971 790 2007 es.

221 2033 434 2077 curent:
465 2031 684 2076 homines.

220 2150 320 2196 429.
391 2151 579 2207 gratos
635 2150 895 2206 agitando
941 2150 1203 2204 prendere
1250 2148 1398 2194 finis:
1446 2154 1609 2206 gratos
1647 2149 1773 2208 fines
1820 2170 1875 2188 =

158 2223 359 2268 laborem
406 2223 549 2279 pretio
595 2222 906 2278 rependente3‚
955 2221 1009 2265 cf.
1056 2220 1114 2265 74
1159 2221 1205 2265 si
1250 2233 1342 2277 qua
1384 2221 1501 2265 meis
1543 2221 1788 2277 respondet
1819 2220 1877 2265 ab

160 2293 360 2339 artibus.
379 2326 390 2337 .
409 2326 420 2338 .
458 2296 479 2348 s
505 2292 676 2349 gratia.

222 2365 448 2410 prendere
471 2364 598 2422 fines
630 2385 685 2402 =
722 2365 827 2418 „das
860 2364 954 2409 Ziel
988 2365 1265 2420 erreichen’',
1303 2364 1357 2409 cf.
1395 2363 1487 2409 Ov.
1521 2364 1621 2410 Am.
1658 2364 1710 2408 11.
1745 2364 1785 2408 9.
1819 2364 1869 2408 31

163 2440 213 2481 ut
240 2436 437 2491 subituS,
476 2447 620 2492 prope
671 2436 766 2480 iam
808 2447 1033 2492 prensa
1063 2436 1290 2488 tellure,
1321 2436 1532 2480 carinam
1562 2445 1580 2489 s
1611 2439 1877 2492 tangentem

156 2511 322 2565 portus
366 2511 531 2552 ventus
577 2508 626 2552 in
672 2508 770 2551 alta
817 2507 939 2563 rapit
951 2523 969 2561 ;
1016 2507 1123 2552 Stat.
1171 2506 1281 2552 Silv.
1331 2507 1362 2551 1.
1405 2507 1447 2552 2.
1481 2507 1562 2551 201
1601 2521 1697 2565 sqq.
1730 2509 1878 2551 macte

160 2579 277 2625 toris
324 2579 484 2624 Latios
531 2579 653 2623 inter
692 2578 1014 2634 placidissime
1059 2582 1205 2634 vates,
1237 2584 1257 2633 s
1289 2579 1368 2635 qui
1410 2579 1575 2624 durum
1604 2590 1878 2635 permensus

163 2651 254 2697 iter
279 2654 555 2707 coeptasque
585 2650 767 2695 labores
794 2655 814 2705 l
842 2650 1158 2706 prendisti
1185 2654 1412 2706 portus.

221 2723 504 2780 agitando:
536 2723 671 2767 enixo
703 2721 862 2767 studi0.

747 2840 823 2886 De
855 2842 1014 2886 antro
1046 2840 1291 2887 Vulcani.

223 2961 324 3006 430.
387 2963 472 3006 est
501 2961 558 3005 in
589 2960 867 3004 Trinacria
898 2972 1089 3015 specus
1120 2961 1337 3017 ingens:
1368 2960 1422 3006 cf.
1458 2960 1616 3004 Athen.
1643 2958 1699 3003 11.
1731 2957 1794 3002 17.
1819 2957 1877 3001 42

165 3034 207 3077 ἓν
238 3038 291 3089 τῇ
321 3032 627 3088 Καρχηδονίων
659 3032 696 3075 δ’
727 3033 966 3087 ἐπικρατείᾳ
997 3031 1075 3091 (sc.
1108 3034 1151 3077 ἓν
1183 3036 1380 3080 Σικανοῖς
1412 3039 1484 3085 τῆς
1515 3029 1727 3088 Σικελίας)
1749 3030 1875 3086 κρήνη

163 3105 262 3157 ἔστί,
294 3101 320 3160 ᾗ
361 3106 408 3146 τὸ
449 3105 720 3158 ἐπιστάμενον
762 3102 889 3158 ἐλαίῳ
930 3104 1040 3148 ἐστὶν
1081 3105 1234 3158 ὅμοιον,
1276 3102 1522 3158 μελάντερον
1564 3104 1639 3156 τὴν
1684 3102 1823 3158 χρόαν,
1855 3102 1877 3142 ὃ

166 3177 523 3232 ἀποσφαιροῦντες
556 3183 736 3231 χρῶνται
768 3177 871 3230 πρὸς
903 3177 958 3217 τὰ
989 3176 1183 3233 πρόβατα
1218 3178 1286 3216 καὶ
1319 3177 1373 3216 τὰ
1406 3174 1547 3229 κτήνη.
1627 3206 1631 3210 .
