<?xml version="1.0" encoding="UTF-8"?>
<!DOCTYPE html PUBLIC "-//W3C//DTD XHTML 1.0 Transitional//EN"
    "http://www.w3.org/TR/xhtml1/DTD/xhtml1-transitional.dtd">
<html xmlns="http://www.w3.org/1999/xhtml" xml:lang="en" lang="en">
 <head>
  <title>
</title>
<meta http-equiv="Content-Type" content="text/html;charset=utf-8" />
  <meta name='ocr-system' content='tesseract 3.04.00' />
  <meta name='ocr-capabilities' content='ocr_page ocr_carea ocr_par ocr_line ocrx_word'/>
</head>
<body>
  <div class='ocr_page' id='page_1' title='image "./cynegeticonquaes00gratuoft_0044.png"; bbox 0 0 2210 3568; ppageno 0'>
   <div class='ocr_carea' id='block_1_1' title="bbox 1210 287 1268 331">
    <p class='ocr_par' dir='ltr' id='par_1_1' title="bbox 1210 287 1268 331">
     <span class='ocr_line' id='line_1_1' title="bbox 1210 287 1268 331; baseline 0.017 -1"><span class='ocrx_word' id='word_1_1' title='bbox 1210 287 1268 331; x_wconf 86' lang='lat'>34</span> 
     </span>
    </p>
   </div>
   <div class='ocr_carea' id='block_1_2' title="bbox 385 416 2158 2596">
    <p class='ocr_par' dir='ltr' id='par_1_2' title="bbox 390 416 2158 604">
     <span class='ocr_line' id='line_1_2' title="bbox 391 416 2158 477; baseline 0.001 -15"><span class='ocrx_word' id='word_1_2' title='bbox 391 419 460 465; x_wconf 89' lang='lat' dir='ltr'>lat.</span> <span class='ocrx_word' id='word_1_3' title='bbox 493 418 578 463; x_wconf 85' lang='lat'>277</span> <span class='ocrx_word' id='word_1_4' title='bbox 600 416 793 475; x_wconf 89' lang='lat' dir='ltr'>(saeculo</span> <span class='ocrx_word' id='word_1_5' title='bbox 817 417 942 460; x_wconf 86' lang='lat' dir='ltr'>V1110</span> <span class='ocrx_word' id='word_1_6' title='bbox 979 426 1168 461; x_wconf 89' lang='lat' dir='ltr'>exeunte</span> <span class='ocrx_word' id='word_1_7' title='bbox 1193 417 1263 462; x_wconf 91' lang='lat' dir='ltr'>vel</span> <span class='ocrx_word' id='word_1_8' title='bbox 1285 419 1404 462; x_wconf 85' lang='lat' dir='ltr'>initio</span> <span class='ocrx_word' id='word_1_9' title='bbox 1439 418 1508 461; x_wconf 80' lang='lat' dir='ltr'>IXi</span> <span class='ocrx_word' id='word_1_10' title='bbox 1547 419 1724 477; x_wconf 78' lang='lat' dir='ltr'>scripti),</span> <span class='ocrx_word' id='word_1_11' title='bbox 1747 419 1854 464; x_wconf 89' lang='lat' dir='ltr'>alter</span> <span class='ocrx_word' id='word_1_12' title='bbox 1875 419 2095 464; x_wconf 87' lang='lat' dir='ltr'>recentior</span> <span class='ocrx_word' id='word_1_13' title='bbox 2153 436 2158 441; x_wconf 92' lang='lat'><em>·</em></span> 
     </span>
     <span class='ocr_line' id='line_1_3' title="bbox 393 487 2155 547; baseline 0.001 -15"><span class='ocrx_word' id='word_1_14' title='bbox 393 489 634 533; x_wconf 82' lang='lat' dir='ltr'><strong><em>Parisinus</em></strong></span> <span class='ocrx_word' id='word_1_15' title='bbox 674 488 743 531; x_wconf 87' lang='lat' dir='ltr'>lat.</span> <span class='ocrx_word' id='word_1_16' title='bbox 776 487 885 531; x_wconf 88' lang='lat'>8071</span> <span class='ocrx_word' id='word_1_17' title='bbox 926 488 996 531; x_wconf 91' lang='lat' dir='ltr'>vel</span> <span class='ocrx_word' id='word_1_18' title='bbox 1033 487 1276 532; x_wconf 77' lang='lat' dir='ltr'>Thuanens</span> <span class='ocrx_word' id='word_1_19' title='bbox 1306 487 1483 546; x_wconf 87' lang='lat' dir='ltr'>(saeculi</span> <span class='ocrx_word' id='word_1_20' title='bbox 1518 488 1708 547; x_wconf 82' lang='grc' dir='ltr'><strong>ΙΧ-Χ),</strong></span> <span class='ocrx_word' id='word_1_21' title='bbox 1741 491 1815 546; x_wconf 89' lang='lat' dir='ltr'>qui</span> <span class='ocrx_word' id='word_1_22' title='bbox 1849 488 2093 534; x_wconf 85' lang='lat' dir='ltr'>Halieutica</span> <span class='ocrx_word' id='word_1_23' title='bbox 2154 497 2155 500; x_wconf 77' lang='grc'>’</span> 
     </span>
     <span class='ocr_line' id='line_1_4' title="bbox 390 558 1272 604; baseline -0.002 0"><span class='ocrx_word' id='word_1_24' title='bbox 390 569 432 604; x_wconf 92' lang='lat' dir='ltr'>et</span> <span class='ocrx_word' id='word_1_25' title='bbox 478 558 637 604; x_wconf 88' lang='lat' dir='ltr'>Grattii</span> <span class='ocrx_word' id='word_1_26' title='bbox 673 571 831 603; x_wconf 89' lang='lat' dir='ltr'>versus</span> <span class='ocrx_word' id='word_1_27' title='bbox 870 558 1040 602; x_wconf 85' lang='lat'>1-159</span> <span class='ocrx_word' id='word_1_28' title='bbox 1070 560 1272 603; x_wconf 89' lang='lat' dir='ltr'>continet.</span> 
     </span>
    </p>

    <p class='ocr_par' dir='ltr' id='par_1_3' title="bbox 392 628 2098 1394">
     <span class='ocr_line' id='line_1_5' title="bbox 456 628 2095 684; baseline 0 -11"><span class='ocrx_word' id='word_1_29' title='bbox 456 630 719 673; x_wconf 82' lang='lat' dir='ltr'>leuaneum</span> <span class='ocrx_word' id='word_1_30' title='bbox 779 640 835 672; x_wconf 86' lang='lat' dir='ltr'>ex</span> <span class='ocrx_word' id='word_1_31' title='bbox 899 628 1234 674; x_wconf 84' lang='lat' dir='ltr'>Vindobonensi</span> <span class='ocrx_word' id='word_1_32' title='bbox 1283 630 1560 684; x_wconf 79' lang='lat' dir='ltr'>descriptum</span> <span class='ocrx_word' id='word_1_33' title='bbox 1611 642 1715 674; x_wconf 85' lang='lat' dir='ltr'>esse</span> <span class='ocrx_word' id='word_1_34' title='bbox 1763 629 2095 675; x_wconf 81' lang='lat' dir='ltr'>demonstravit</span> 
     </span>
     <span class='ocr_line' id='line_1_6' title="bbox 392 695 2094 757; baseline 0 -13"><span class='ocrx_word' id='word_1_35' title='bbox 392 701 649 744; x_wconf 81' lang='lat' dir='ltr'>Ludovicus</span> <span class='ocrx_word' id='word_1_36' title='bbox 700 699 884 754; x_wconf 81' lang='lat' dir='ltr'><strong><em>Traube,</em></strong></span> <span class='ocrx_word' id='word_1_37' title='bbox 932 701 1001 744; x_wconf 90' lang='lat' dir='ltr'>vir</span> <span class='ocrx_word' id='word_1_38' title='bbox 1046 702 1248 757; x_wconf 90' lang='lat' dir='ltr'>egregius</span> <span class='ocrx_word' id='word_1_39' title='bbox 1289 699 1511 755; x_wconf 74' lang='lat' dir='ltr'>(Berlin‘er</span> <span class='ocrx_word' id='word_1_40' title='bbox 1558 695 1706 757; x_wconf 91' lang='lat' dir='ltr'>philol.</span> <span class='ocrx_word' id='word_1_41' title='bbox 1740 699 2094 746; x_wconf 84' lang='lat' dir='ltr'>Wochenschrift</span> 
     </span>
     <span class='ocr_line' id='line_1_7' title="bbox 399 769 2094 828; baseline -0.001 -13"><span class='ocrx_word' id='word_1_42' title='bbox 399 771 523 825; x_wconf 87' lang='grc'>1896,</span> <span class='ocrx_word' id='word_1_43' title='bbox 569 785 611 828; x_wconf 89' lang='lat' dir='ltr'>p.</span> <span class='ocrx_word' id='word_1_44' title='bbox 666 770 806 826; x_wconf 88' lang='lat'>1050).</span> <span class='ocrx_word' id='word_1_45' title='bbox 855 770 945 814; x_wconf 89' lang='lat' dir='ltr'>Iam</span> <span class='ocrx_word' id='word_1_46' title='bbox 993 780 1091 815; x_wconf 89' lang='lat' dir='ltr'>ante</span> <span class='ocrx_word' id='word_1_47' title='bbox 1137 784 1239 815; x_wconf 92' lang='lat' dir='ltr'>eum</span> <span class='ocrx_word' id='word_1_48' title='bbox 1280 771 1501 828; x_wconf 87' lang='lat' dir='ltr'>Hauptius</span> <span class='ocrx_word' id='word_1_49' title='bbox 1532 773 1575 815; x_wconf 91' lang='lat' dir='ltr'>in</span> <span class='ocrx_word' id='word_1_50' title='bbox 1607 771 1798 816; x_wconf 88' lang='lat' dir='ltr'>editione</span> <span class='ocrx_word' id='word_1_51' title='bbox 1827 783 1908 816; x_wconf 87' lang='lat' dir='ltr'>sua</span> <span class='ocrx_word' id='word_1_52' title='bbox 1940 769 2094 816; x_wconf 88' lang='lat' dir='ltr'>Ovidii</span> 
     </span>
     <span class='ocr_line' id='line_1_8' title="bbox 397 840 2095 903; baseline 0.001 -18"><span class='ocrx_word' id='word_1_53' title='bbox 397 841 688 895; x_wconf 87' lang='lat' dir='ltr'>Halieuticon,</span> <span class='ocrx_word' id='word_1_54' title='bbox 739 840 882 886; x_wconf 85' lang='lat' dir='ltr'>Gratii</span> <span class='ocrx_word' id='word_1_55' title='bbox 923 850 965 886; x_wconf 90' lang='lat' dir='ltr'>et</span> <span class='ocrx_word' id='word_1_56' title='bbox 1014 841 1268 886; x_wconf 89' lang='lat' dir='ltr'>Nemesiani</span> <span class='ocrx_word' id='word_1_57' title='bbox 1318 841 1639 899; x_wconf 89' lang='lat' dir='ltr'>Cynegeticon‚</span> <span class='ocrx_word' id='word_1_58' title='bbox 1686 854 1799 899; x_wconf 90' lang='lat' dir='ltr'>quae</span> <span class='ocrx_word' id='word_1_59' title='bbox 1829 853 1946 903; x_wconf 81' lang='lat' dir='ltr'>anno</span> <span class='ocrx_word' id='word_1_60' title='bbox 1983 840 2095 897; x_wconf 74' lang='lat'>1838</span> 
     </span>
     <span class='ocr_line' id='line_1_9' title="bbox 392 912 2097 978; baseline 0.001 -23"><span class='ocrx_word' id='word_1_61' title='bbox 392 913 507 968; x_wconf 92' lang='lat' dir='ltr'>apud</span> <span class='ocrx_word' id='word_1_62' title='bbox 540 912 858 956; x_wconf 88' lang='lat' dir='ltr'>Weidmannos</span> <span class='ocrx_word' id='word_1_63' title='bbox 889 912 1048 968; x_wconf 90' lang='lat' dir='ltr'>prodiit</span> <span class='ocrx_word' id='word_1_64' title='bbox 1082 914 1142 978; x_wconf 65' lang='lat' dir='ltr'>(p.</span> <span class='ocrx_word' id='word_1_65' title='bbox 1176 912 1312 968; x_wconf 88' lang='lat' dir='ltr'>XIII),</span> <span class='ocrx_word' id='word_1_66' title='bbox 1345 914 1452 958; x_wconf 91' lang='lat' dir='ltr'>haec</span> <span class='ocrx_word' id='word_1_67' title='bbox 1473 915 1730 970; x_wconf 84' lang='lat' dir='ltr'><strong>scripserat:</strong></span> <span class='ocrx_word' id='word_1_68' title='bbox 1758 912 1912 970; x_wconf 84' lang='lat' dir='ltr'>„huius</span> <span class='ocrx_word' id='word_1_69' title='bbox 1933 912 2097 958; x_wconf 83' lang='lat' dir='ltr'>codicis</span> 
     </span>
     <span class='ocr_line' id='line_1_10' title="bbox 395 981 2097 1040; baseline 0 -14"><span class='ocrx_word' id='word_1_70' title='bbox 395 982 581 1027; x_wconf 88' lang='lat' dir='ltr'>Parisini</span> <span class='ocrx_word' id='word_1_71' title='bbox 627 992 669 1028; x_wconf 90' lang='lat' dir='ltr'>et</span> <span class='ocrx_word' id='word_1_72' title='bbox 715 983 890 1027; x_wconf 90' lang='lat' dir='ltr'>alterius</span> <span class='ocrx_word' id='word_1_73' title='bbox 939 982 1298 1027; x_wconf 90' lang='lat' dir='ltr'>Vindobonensis</span> <span class='ocrx_word' id='word_1_74' title='bbox 1329 993 1445 1028; x_wconf 88' lang='lat' dir='ltr'>tanta</span> <span class='ocrx_word' id='word_1_75' title='bbox 1475 994 1542 1028; x_wconf 92' lang='lat' dir='ltr'>est</span> <span class='ocrx_word' id='word_1_76' title='bbox 1573 981 1878 1028; x_wconf 89' lang='lat' dir='ltr'>convenientia</span> <span class='ocrx_word' id='word_1_77' title='bbox 1908 993 1954 1027; x_wconf 90' lang='lat' dir='ltr'>ut</span> <span class='ocrx_word' id='word_1_78' title='bbox 1983 995 2097 1040; x_wconf 89' lang='lat' dir='ltr'>quae</span> 
     </span>
     <span class='ocr_line' id='line_1_11' title="bbox 393 1054 2097 1110; baseline 0 -13"><span class='ocrx_word' id='word_1_79' title='bbox 393 1055 565 1110; x_wconf 88' lang='lat' dir='ltr'>utrique</span> <span class='ocrx_word' id='word_1_80' title='bbox 612 1056 860 1098; x_wconf 88' lang='lat' dir='ltr'>communia</span> <span class='ocrx_word' id='word_1_81' title='bbox 907 1064 1006 1098; x_wconf 90' lang='lat' dir='ltr'>sunt</span> <span class='ocrx_word' id='word_1_82' title='bbox 1053 1067 1109 1098; x_wconf 91' lang='lat' dir='ltr'>ex</span> <span class='ocrx_word' id='word_1_83' title='bbox 1157 1054 1575 1099; x_wconf 90' lang='lat' dir='ltr'>Vindobonensibus</span> <span class='ocrx_word' id='word_1_84' title='bbox 1617 1055 1884 1099; x_wconf 85' lang='lat' dir='ltr'>membranis</span> <span class='ocrx_word' id='word_1_85' title='bbox 1924 1062 2097 1110; x_wconf 87' lang='lat' dir='ltr'>sumpta</span> 
     </span>
     <span class='ocr_line' id='line_1_12' title="bbox 393 1123 2098 1182; baseline -0.001 -13"><span class='ocrx_word' id='word_1_86' title='bbox 393 1137 492 1169; x_wconf 91' lang='lat' dir='ltr'>esse</span> <span class='ocrx_word' id='word_1_87' title='bbox 532 1124 656 1169; x_wconf 87' lang='lat' dir='ltr'>facile</span> <span class='ocrx_word' id='word_1_88' title='bbox 697 1126 841 1182; x_wconf 92' lang='lat' dir='ltr'>possis</span> <span class='ocrx_word' id='word_1_89' title='bbox 872 1126 1084 1181; x_wconf 91' lang='lat' dir='ltr'>suspicari</span> <span class='ocrx_word' id='word_1_90' title='bbox 1115 1126 1197 1169; x_wconf 92' lang='lat' dir='ltr'>nisi</span> <span class='ocrx_word' id='word_1_91' title='bbox 1230 1125 1348 1181; x_wconf 91' lang='lat' dir='ltr'>quod</span> <span class='ocrx_word' id='word_1_92' title='bbox 1380 1127 1623 1170; x_wconf 83' lang='lat' dir='ltr'>accuratius</span> <span class='ocrx_word' id='word_1_93' title='bbox 1654 1125 1887 1181; x_wconf 83' lang='lat' dir='ltr'>inquirenti</span> <span class='ocrx_word' id='word_1_94' title='bbox 1916 1123 2098 1168; x_wconf 91' lang='lat' dir='ltr'>similius</span> 
     </span>
     <span class='ocr_line' id='line_1_13' title="bbox 393 1194 2098 1252; baseline -0.001 -12"><span class='ocrx_word' id='word_1_95' title='bbox 393 1198 523 1240; x_wconf 91' lang='lat' dir='ltr'>etiam</span> <span class='ocrx_word' id='word_1_96' title='bbox 557 1197 651 1240; x_wconf 92' lang='lat' dir='ltr'>veri</span> <span class='ocrx_word' id='word_1_97' title='bbox 683 1196 899 1239; x_wconf 91' lang='lat' dir='ltr'>videbitur</span> <span class='ocrx_word' id='word_1_98' title='bbox 930 1197 973 1239; x_wconf 89' lang='lat' dir='ltr'>in</span> <span class='ocrx_word' id='word_1_99' title='bbox 1006 1205 1240 1252; x_wconf 89' lang='lat' dir='ltr'>utrumque</span> <span class='ocrx_word' id='word_1_100' title='bbox 1271 1196 1429 1240; x_wconf 90' lang='lat' dir='ltr'>librum</span> <span class='ocrx_word' id='word_1_101' title='bbox 1460 1197 1653 1240; x_wconf 91' lang='lat' dir='ltr'>carmina</span> <span class='ocrx_word' id='word_1_102' title='bbox 1669 1207 1727 1239; x_wconf 90' lang='lat' dir='ltr'>ex</span> <span class='ocrx_word' id='word_1_103' title='bbox 1748 1194 1833 1240; x_wconf 86' lang='lat' dir='ltr'>alio</span> <span class='ocrx_word' id='word_1_104' title='bbox 1854 1194 2098 1251; x_wconf 82' lang='lat' dir='ltr'>antiquiore</span> 
     </span>
     <span class='ocr_line' id='line_1_14' title="bbox 394 1265 2095 1323; baseline -0.001 -13"><span class='ocrx_word' id='word_1_105' title='bbox 394 1278 484 1310; x_wconf 92' lang='lat' dir='ltr'>non</span> <span class='ocrx_word' id='word_1_106' title='bbox 529 1266 683 1310; x_wconf 91' lang='lat' dir='ltr'>eadem</span> <span class='ocrx_word' id='word_1_107' title='bbox 730 1267 948 1323; x_wconf 85' lang='lat' dir='ltr'>diligentia</span> <span class='ocrx_word' id='word_1_108' title='bbox 995 1267 1275 1323; x_wconf 85' lang='lat' dir='ltr'>transscripta</span> <span class='ocrx_word' id='word_1_109' title='bbox 1321 1266 1463 1311; x_wconf 91' lang='lat' dir='ltr'>esse.”</span> <span class='ocrx_word' id='word_1_110' title='bbox 1510 1266 1679 1312; x_wconf 86' lang='lat' dir='ltr'>Invenit</span> <span class='ocrx_word' id='word_1_111' title='bbox 1709 1267 1839 1323; x_wconf 89' lang='lat' dir='ltr'>igitur</span> <span class='ocrx_word' id='word_1_112' title='bbox 1869 1265 2095 1310; x_wconf 90' lang='lat' dir='ltr'>veritatem</span> 
     </span>
     <span class='ocr_line' id='line_1_15' title="bbox 394 1338 822 1394; baseline -0.002 -13"><span class='ocrx_word' id='word_1_113' title='bbox 394 1338 612 1393; x_wconf 90' lang='lat' dir='ltr'>simulque</span> <span class='ocrx_word' id='word_1_114' title='bbox 642 1339 822 1394; x_wconf 89' lang='lat' dir='ltr'>sprevit.</span> 
     </span>
    </p>

    <p class='ocr_par' dir='ltr' id='par_1_4' title="bbox 385 1405 2100 2101">
     <span class='ocr_line' id='line_1_16' title="bbox 454 1405 2098 1464; baseline -0.001 -13"><span class='ocrx_word' id='word_1_115' title='bbox 454 1407 613 1451; x_wconf 87' lang='lat' dir='ltr'>Extant</span> <span class='ocrx_word' id='word_1_116' title='bbox 635 1417 861 1464; x_wconf 90' lang='lat' dir='ltr'>praeterea</span> <span class='ocrx_word' id='word_1_117' title='bbox 883 1407 1136 1464; x_wconf 89' lang='lat' dir='ltr'>apographa</span> <span class='ocrx_word' id='word_1_118' title='bbox 1159 1407 1247 1451; x_wconf 93' lang='lat' dir='ltr'>duo</span> <span class='ocrx_word' id='word_1_119' title='bbox 1269 1407 1436 1451; x_wconf 84' lang='lat' dir='ltr'>ethaeo</span> <span class='ocrx_word' id='word_1_120' title='bbox 1453 1419 1510 1451; x_wconf 88' lang='lat' dir='ltr'>ex</span> <span class='ocrx_word' id='word_1_121' title='bbox 1529 1406 1864 1451; x_wconf 90' lang='lat' dir='ltr'>Vindobonensi</span> <span class='ocrx_word' id='word_1_122' title='bbox 1880 1405 2098 1462; x_wconf 88' lang='lat' dir='ltr'>descripta</span> 
     </span>
     <span class='ocr_line' id='line_1_17' title="bbox 392 1475 2098 1534; baseline -0.002 -12"><span class='ocrx_word' id='word_1_123' title='bbox 392 1479 570 1522; x_wconf 90' lang='lat' dir='ltr'>saeculo</span> <span class='ocrx_word' id='word_1_124' title='bbox 602 1488 729 1522; x_wconf 90' lang='lat' dir='ltr'>sexto</span> <span class='ocrx_word' id='word_1_125' title='bbox 761 1479 932 1522; x_wconf 90' lang='lat' dir='ltr'>decimo</span> <span class='ocrx_word' id='word_1_126' title='bbox 964 1479 1119 1522; x_wconf 89' lang='lat' dir='ltr'>eadem</span> <span class='ocrx_word' id='word_1_127' title='bbox 1151 1491 1283 1522; x_wconf 91' lang='lat' dir='ltr'>manu</span> <span class='ocrx_word' id='word_1_128' title='bbox 1314 1480 1497 1534; x_wconf 90' lang='lat' dir='ltr'>scripta;</span> <span class='ocrx_word' id='word_1_129' title='bbox 1529 1490 1685 1522; x_wconf 88' lang='lat' dir='ltr'>eorum</span> <span class='ocrx_word' id='word_1_130' title='bbox 1717 1476 1900 1521; x_wconf 90' lang='lat' dir='ltr'>alterum</span> <span class='ocrx_word' id='word_1_131' title='bbox 1920 1475 2098 1521; x_wconf 87' lang='lat' dir='ltr'>exhibet</span> 
     </span>
     <span class='ocr_line' id='line_1_18' title="bbox 394 1546 2100 1605; baseline -0.001 -13"><span class='ocrx_word' id='word_1_132' title='bbox 394 1550 488 1605; x_wconf 91' lang='lat' dir='ltr'>ipse</span> <span class='ocrx_word' id='word_1_133' title='bbox 520 1550 662 1593; x_wconf 89' lang='lat' dir='ltr'>codex</span> <span class='ocrx_word' id='word_1_134' title='bbox 694 1549 1051 1594; x_wconf 88' lang='lat' dir='ltr'>Vindobonensis</span> <span class='ocrx_word' id='word_1_135' title='bbox 1082 1548 1183 1603; x_wconf 88' lang='lat'><em>277,</em></span> <span class='ocrx_word' id='word_1_136' title='bbox 1216 1549 1400 1593; x_wconf 90' lang='lat' dir='ltr'>alterum</span> <span class='ocrx_word' id='word_1_137' title='bbox 1432 1550 1652 1594; x_wconf 89' lang='lat' dir='ltr'>invenitur</span> <span class='ocrx_word' id='word_1_138' title='bbox 1682 1549 1724 1592; x_wconf 89' lang='lat' dir='ltr'>in</span> <span class='ocrx_word' id='word_1_139' title='bbox 1756 1547 1907 1591; x_wconf 90' lang='lat' dir='ltr'>codice</span> <span class='ocrx_word' id='word_1_140' title='bbox 1930 1546 2100 1591; x_wconf 89' lang='lat' dir='ltr'>Vindo-</span> 
     </span>
     <span class='ocr_line' id='line_1_19' title="bbox 396 1612 2098 1676; baseline -0.001 -13"><span class='ocrx_word' id='word_1_141' title='bbox 396 1621 579 1664; x_wconf 92' lang='lat' dir='ltr'>bonensi</span> <span class='ocrx_word' id='word_1_142' title='bbox 611 1620 681 1664; x_wconf 91' lang='lat' dir='ltr'>lat.</span> <span class='ocrx_word' id='word_1_143' title='bbox 713 1620 845 1675; x_wconf 83' lang='lat'>3261,</span> <span class='ocrx_word' id='word_1_144' title='bbox 877 1621 950 1676; x_wconf 88' lang='lat' dir='ltr'>qui</span> <span class='ocrx_word' id='word_1_145' title='bbox 982 1620 1036 1663; x_wconf 90' lang='lat' dir='ltr'>ab</span> <span class='ocrx_word' id='word_1_146' title='bbox 1072 1619 1268 1676; x_wconf 87' lang='lat' dir='ltr'>Hauptio</span> <span class='ocrx_word' id='word_1_147' title='bbox 1299 1621 1341 1663; x_wconf 88' lang='lat' dir='ltr'>in</span> <span class='ocrx_word' id='word_1_148' title='bbox 1374 1631 1452 1664; x_wconf 90' lang='lat' dir='ltr'>sua</span> <span class='ocrx_word' id='word_1_149' title='bbox 1483 1612 1673 1663; x_wconf 86' lang='lat' dir='ltr'>editione</span> <span class='ocrx_word' id='word_1_150' title='bbox 1704 1631 1746 1675; x_wconf 90' lang='lat' dir='ltr'>p.</span> <span class='ocrx_word' id='word_1_151' title='bbox 1780 1617 1905 1662; x_wconf 90' lang='lat' dir='ltr'>XXV</span> <span class='ocrx_word' id='word_1_152' title='bbox 1935 1618 2098 1662; x_wconf 90' lang='lat' dir='ltr'>descri-</span> 
     </span>
     <span class='ocr_line' id='line_1_20' title="bbox 395 1686 2094 1747; baseline -0.002 -13"><span class='ocrx_word' id='word_1_153' title='bbox 395 1691 527 1745; x_wconf 89' lang='lat' dir='ltr'>bitur;</span> <span class='ocrx_word' id='word_1_154' title='bbox 565 1691 690 1747; x_wconf 90' lang='lat' dir='ltr'>plura</span> <span class='ocrx_word' id='word_1_155' title='bbox 726 1692 925 1735; x_wconf 91' lang='lat' dir='ltr'>invenies</span> <span class='ocrx_word' id='word_1_156' title='bbox 961 1690 1077 1746; x_wconf 91' lang='lat' dir='ltr'>apud</span> <span class='ocrx_word' id='word_1_157' title='bbox 1105 1689 1290 1734; x_wconf 83' lang='lat' dir='ltr'>Ausonii</span> <span class='ocrx_word' id='word_1_158' title='bbox 1311 1690 1502 1734; x_wconf 87' lang='lat' dir='ltr'>editores</span> <span class='ocrx_word' id='word_1_159' title='bbox 1522 1689 1577 1734; x_wconf 88' lang='lat' dir='ltr'>K.</span> <span class='ocrx_word' id='word_1_160' title='bbox 1597 1688 1792 1733; x_wconf 90' lang='lat' dir='ltr'>Schenkl</span> <span class='ocrx_word' id='word_1_161' title='bbox 1809 1689 1868 1745; x_wconf 93' lang='lat' dir='ltr'>(p.</span> <span class='ocrx_word' id='word_1_162' title='bbox 1886 1686 2094 1742; x_wconf 90' lang='lat' dir='ltr'>XXXIV)</span> 
     </span>
     <span class='ocr_line' id='line_1_21' title="bbox 385 1758 2096 1818; baseline -0.001 -14"><span class='ocrx_word' id='word_1_163' title='bbox 385 1770 435 1816; x_wconf 20' lang='lat' dir='ltr'>‘et</span> <span class='ocrx_word' id='word_1_164' title='bbox 470 1761 522 1804; x_wconf 83' lang='lat' dir='ltr'>R.</span> <span class='ocrx_word' id='word_1_165' title='bbox 556 1762 729 1818; x_wconf 86' lang='lat' dir='ltr'>Peiper.</span> <span class='ocrx_word' id='word_1_166' title='bbox 766 1761 974 1806; x_wconf 89' lang='lat' dir='ltr'>Continet</span> <span class='ocrx_word' id='word_1_167' title='bbox 1005 1760 1148 1805; x_wconf 87' lang='lat' dir='ltr'>codex</span> <span class='ocrx_word' id='word_1_168' title='bbox 1180 1760 1364 1805; x_wconf 86' lang='lat' dir='ltr'>Ausonii</span> <span class='ocrx_word' id='word_1_169' title='bbox 1396 1769 1617 1817; x_wconf 87' lang='lat' dir='ltr'>excerpta,</span> <span class='ocrx_word' id='word_1_170' title='bbox 1652 1759 1804 1804; x_wconf 90' lang='lat' dir='ltr'>Ovidii</span> <span class='ocrx_word' id='word_1_171' title='bbox 1839 1758 2096 1814; x_wconf 86' lang='lat' dir='ltr'>Halieutica,</span> 
     </span>
     <span class='ocr_line' id='line_1_22' title="bbox 398 1829 2098 1889; baseline -0.002 -13"><span class='ocrx_word' id='word_1_172' title='bbox 398 1831 651 1876; x_wconf 89' lang='lat' dir='ltr'>Nemesiani</span> <span class='ocrx_word' id='word_1_173' title='bbox 688 1831 973 1889; x_wconf 88' lang='lat' dir='ltr'>Cynegetica,</span> <span class='ocrx_word' id='word_1_174' title='bbox 1010 1830 1245 1875; x_wconf 88' lang='lat' dir='ltr'>Grattium.</span> <span class='ocrx_word' id='word_1_175' title='bbox 1282 1831 1531 1887; x_wconf 91' lang='lat' dir='ltr'>Utrumque</span> <span class='ocrx_word' id='word_1_176' title='bbox 1564 1830 1867 1887; x_wconf 86' lang='lat' dir='ltr'>apographum</span> <span class='ocrx_word' id='word_1_177' title='bbox 1899 1830 1953 1874; x_wconf 88' lang='lat' dir='ltr'>ab</span> <span class='ocrx_word' id='word_1_178' title='bbox 1971 1829 2098 1874; x_wconf 88' lang='lat' dir='ltr'>Actio</span> 
     </span>
     <span class='ocr_line' id='line_1_23' title="bbox 396 1899 2098 1959; baseline -0.002 -12"><span class='ocrx_word' id='word_1_179' title='bbox 396 1901 598 1959; x_wconf 89' lang='lat' dir='ltr'>Syncero</span> <span class='ocrx_word' id='word_1_180' title='bbox 644 1903 918 1948; x_wconf 79' lang='lat' dir='ltr'>Sannazaro</span> <span class='ocrx_word' id='word_1_181' title='bbox 964 1904 1174 1959; x_wconf 89' lang='lat' dir='ltr'>scriptum</span> <span class='ocrx_word' id='word_1_182' title='bbox 1221 1914 1320 1947; x_wconf 90' lang='lat' dir='ltr'>esse</span> <span class='ocrx_word' id='word_1_183' title='bbox 1351 1902 1497 1946; x_wconf 89' lang='lat' dir='ltr'>docuit</span> <span class='ocrx_word' id='word_1_184' title='bbox 1533 1901 1755 1945; x_wconf 86' lang='lat' dir='ltr'>Henricus</span> <span class='ocrx_word' id='word_1_185' title='bbox 1787 1899 1996 1955; x_wconf 87' lang='lat' dir='ltr'>Schenkl,</span> <span class='ocrx_word' id='word_1_186' title='bbox 2029 1901 2098 1944; x_wconf 90' lang='lat' dir='ltr'>vir</span> 
     </span>
     <span class='ocr_line' id='line_1_24' title="bbox 394 1971 2095 2031; baseline -0.001 -15"><span class='ocrx_word' id='word_1_187' title='bbox 394 1973 450 2017; x_wconf 91' lang='lat' dir='ltr'>de</span> <span class='ocrx_word' id='word_1_188' title='bbox 504 1972 679 2018; x_wconf 91' lang='lat' dir='ltr'>Grattio</span> <span class='ocrx_word' id='word_1_189' title='bbox 730 1976 892 2030; x_wconf 91' lang='lat' dir='ltr'>optime</span> <span class='ocrx_word' id='word_1_190' title='bbox 945 1975 1138 2018; x_wconf 91' lang='lat' dir='ltr'>meritus.</span> <span class='ocrx_word' id='word_1_191' title='bbox 1190 1973 1276 2031; x_wconf 90' lang='lat' dir='ltr'>(Zu</span> <span class='ocrx_word' id='word_1_192' title='bbox 1333 1972 1533 2018; x_wconf 91' lang='lat' dir='ltr'>Grattius</span> <span class='ocrx_word' id='word_1_193' title='bbox 1578 1972 1667 2016; x_wconf 92' lang='lat' dir='ltr'>und</span> <span class='ocrx_word' id='word_1_194' title='bbox 1714 1971 1907 2016; x_wconf 83' lang='lat' dir='ltr'>anderen</span> <span class='ocrx_word' id='word_1_195' title='bbox 1953 1971 2095 2015; x_wconf 68' lang='lat' dir='ltr'>lateim</span> 
     </span>
     <span class='ocr_line' id='line_1_25' title="bbox 398 2043 1000 2101; baseline 0.002 -14"><span class='ocrx_word' id='word_1_196' title='bbox 398 2043 624 2099; x_wconf 88' lang='lat' dir='ltr'>Dichtern‚</span> <span class='ocrx_word' id='word_1_197' title='bbox 658 2059 699 2101; x_wconf 87' lang='lat' dir='ltr'>p.</span> <span class='ocrx_word' id='word_1_198' title='bbox 732 2044 1000 2099; x_wconf 84' lang='lat'>388—392.)</span> 
     </span>
    </p>

    <p class='ocr_par' dir='ltr' id='par_1_5' title="bbox 394 2111 2098 2244">
     <span class='ocr_line' id='line_1_26' title="bbox 457 2111 2096 2172; baseline -0.002 -14"><span class='ocrx_word' id='word_1_199' title='bbox 457 2114 691 2159; x_wconf 84' lang='lat' dir='ltr'>Praeterea</span> <span class='ocrx_word' id='word_1_200' title='bbox 737 2118 945 2160; x_wconf 90' lang='lat' dir='ltr'>novimus</span> <span class='ocrx_word' id='word_1_201' title='bbox 991 2115 1296 2172; x_wconf 86' lang='lat' dir='ltr'>apographum</span> <span class='ocrx_word' id='word_1_202' title='bbox 1345 2114 1552 2159; x_wconf 86' lang='lat' dir='ltr'>Iohannis</span> <span class='ocrx_word' id='word_1_203' title='bbox 1599 2113 1792 2158; x_wconf 90' lang='lat' dir='ltr'>Lucretii</span> <span class='ocrx_word' id='word_1_204' title='bbox 1835 2111 2096 2166; x_wconf 85' lang='lat' dir='ltr'>Aesiandri,</span> 
     </span>
     <span class='ocr_line' id='line_1_27' title="bbox 394 2182 2098 2244; baseline -0.002 -15"><span class='ocrx_word' id='word_1_205' title='bbox 394 2185 513 2242; x_wconf 90' lang='lat' dir='ltr'>quod</span> <span class='ocrx_word' id='word_1_206' title='bbox 535 2185 728 2243; x_wconf 86' lang='lat' dir='ltr'>adhibuit</span> <span class='ocrx_word' id='word_1_207' title='bbox 752 2185 976 2243; x_wconf 88' lang='lat' dir='ltr'>Georgius</span> <span class='ocrx_word' id='word_1_208' title='bbox 1000 2187 1112 2241; x_wconf 89' lang='lat' dir='ltr'>Logi</span> <span class='ocrx_word' id='word_1_209' title='bbox 1127 2185 1305 2244; x_wconf 89' lang='lat' dir='ltr'>(Georg</span> <span class='ocrx_word' id='word_1_210' title='bbox 1322 2197 1410 2230; x_wconf 90' lang='lat' dir='ltr'>von</span> <span class='ocrx_word' id='word_1_211' title='bbox 1428 2183 1598 2242; x_wconf 92' lang='lat' dir='ltr'>Logau)</span> <span class='ocrx_word' id='word_1_212' title='bbox 1614 2186 1656 2228; x_wconf 90' lang='lat' dir='ltr'>in</span> <span class='ocrx_word' id='word_1_213' title='bbox 1676 2183 1834 2229; x_wconf 85' lang='lat' dir='ltr'>Aldina</span> <span class='ocrx_word' id='word_1_214' title='bbox 1850 2184 1951 2227; x_wconf 89' lang='lat' dir='ltr'>anni</span> <span class='ocrx_word' id='word_1_215' title='bbox 1973 2182 2098 2227; x_wconf 88' lang='grc'><strong>1534.</strong></span> 
     </span>
    </p>

    <p class='ocr_par' dir='ltr' id='par_1_6' title="bbox 395 2253 2098 2596">
     <span class='ocr_line' id='line_1_28' title="bbox 455 2253 2096 2313; baseline -0.001 -14"><span class='ocrx_word' id='word_1_216' title='bbox 455 2255 736 2300; x_wconf 84' lang='lat' dir='ltr'>Postremum</span> <span class='ocrx_word' id='word_1_217' title='bbox 783 2258 946 2301; x_wconf 88' lang='lat' dir='ltr'>mentio</span> <span class='ocrx_word' id='word_1_218' title='bbox 993 2257 1191 2301; x_wconf 86' lang='lat' dir='ltr'>facienda</span> <span class='ocrx_word' id='word_1_219' title='bbox 1231 2266 1297 2301; x_wconf 89' lang='lat' dir='ltr'>est</span> <span class='ocrx_word' id='word_1_220' title='bbox 1341 2255 1581 2313; x_wconf 87' lang='lat' dir='ltr'>apographi</span> <span class='ocrx_word' id='word_1_221' title='bbox 1613 2254 1775 2299; x_wconf 90' lang='lat' dir='ltr'>codicis</span> <span class='ocrx_word' id='word_1_222' title='bbox 1808 2253 1997 2298; x_wconf 84' lang='lat' dir='ltr'>Parisini</span> <span class='ocrx_word' id='word_1_223' title='bbox 2025 2254 2096 2298; x_wconf 92' lang='lat' dir='ltr'>vel</span> 
     </span>
     <span class='ocr_line' id='line_1_29' title="bbox 396 2323 2097 2383; baseline -0.001 -13"><span class='ocrx_word' id='word_1_224' title='bbox 396 2325 594 2371; x_wconf 90' lang='lat' dir='ltr'>Thuanei</span> <span class='ocrx_word' id='word_1_225' title='bbox 625 2328 759 2383; x_wconf 22' lang='lat' dir='ltr'>*quod</span> <span class='ocrx_word' id='word_1_226' title='bbox 805 2330 999 2373; x_wconf 90' lang='lat' dir='ltr'>servavit</span> <span class='ocrx_word' id='word_1_227' title='bbox 1046 2328 1189 2372; x_wconf 92' lang='lat' dir='ltr'>codex</span> <span class='ocrx_word' id='word_1_228' title='bbox 1235 2327 1570 2371; x_wconf 82' lang='lat' dir='ltr'>Ambrosianus</span> <span class='ocrx_word' id='word_1_229' title='bbox 1618 2325 1664 2370; x_wconf 80' lang='lat' dir='ltr'>S.</span> <span class='ocrx_word' id='word_1_230' title='bbox 1710 2328 1764 2368; x_wconf 88' lang='lat'>81</span> <span class='ocrx_word' id='word_1_231' title='bbox 1799 2323 1982 2379; x_wconf 80' lang='lat' dir='ltr'>sap.1n</span> <span class='ocrx_word' id='word_1_232' title='bbox 2013 2323 2097 2369; x_wconf 89' lang='lat' dir='ltr'>hoc</span> 
     </span>
     <span class='ocr_line' id='line_1_30' title="bbox 396 2396 2098 2454; baseline -0.002 -13"><span class='ocrx_word' id='word_1_233' title='bbox 396 2398 684 2454; x_wconf 88' lang='lat' dir='ltr'>apographon</span> <span class='ocrx_word' id='word_1_234' title='bbox 739 2399 867 2442; x_wconf 91' lang='lat' dir='ltr'>etiam</span> <span class='ocrx_word' id='word_1_235' title='bbox 931 2399 1165 2443; x_wconf 90' lang='lat' dir='ltr'>nonnullae</span> <span class='ocrx_word' id='word_1_236' title='bbox 1226 2398 1435 2443; x_wconf 89' lang='lat' dir='ltr'>lectiones</span> <span class='ocrx_word' id='word_1_237' title='bbox 1497 2396 1849 2442; x_wconf 87' lang='lat' dir='ltr'>Sannazarianae</span> <span class='ocrx_word' id='word_1_238' title='bbox 1895 2404 2098 2451; x_wconf 87' lang='lat' dir='ltr'>receptae</span> 
     </span>
     <span class='ocr_line' id='line_1_31' title="bbox 395 2465 2097 2526; baseline -0.002 -15"><span class='ocrx_word' id='word_1_239' title='bbox 395 2478 509 2522; x_wconf 91' lang='lat' dir='ltr'>sunt,</span> <span class='ocrx_word' id='word_1_240' title='bbox 556 2468 610 2513; x_wconf 88' lang='lat' dir='ltr'>cf.</span> <span class='ocrx_word' id='word_1_241' title='bbox 661 2468 721 2513; x_wconf 87' lang='lat' dir='ltr'>H.</span> <span class='ocrx_word' id='word_1_242' title='bbox 769 2468 978 2524; x_wconf 88' lang='lat' dir='ltr'>Schenkl,</span> <span class='ocrx_word' id='word_1_243' title='bbox 1021 2483 1063 2526; x_wconf 94' lang='lat' dir='ltr'>p.</span> <span class='ocrx_word' id='word_1_244' title='bbox 1106 2468 1356 2514; x_wconf 87' lang='lat'>394—395.</span> <span class='ocrx_word' id='word_1_245' title='bbox 1418 2468 1488 2512; x_wconf 89' lang='lat' dir='ltr'>Ad</span> <span class='ocrx_word' id='word_1_246' title='bbox 1535 2476 1701 2512; x_wconf 89' lang='lat' dir='ltr'>textum</span> <span class='ocrx_word' id='word_1_247' title='bbox 1746 2465 2097 2510; x_wconf 89' lang='lat' dir='ltr'>constituendum</span> 
     </span>
     <span class='ocr_line' id='line_1_32' title="bbox 396 2540 867 2596; baseline 0.002 -13"><span class='ocrx_word' id='word_1_248' title='bbox 396 2551 581 2596; x_wconf 90' lang='lat' dir='ltr'>prorsus</span> <span class='ocrx_word' id='word_1_249' title='bbox 611 2540 758 2584; x_wconf 89' lang='lat' dir='ltr'>inutile</span> <span class='ocrx_word' id='word_1_250' title='bbox 789 2550 867 2584; x_wconf 91' lang='lat' dir='ltr'>est.</span> 
     </span>
    </p>
   </div>
   <div class='ocr_carea' id='block_1_3' title="bbox 397 2675 2100 3234">
    <p class='ocr_par' dir='ltr' id='par_1_7' title="bbox 397 2675 2100 3152">
     <span class='ocr_line' id='line_1_33' title="bbox 460 2675 2096 2738; baseline -0.004 -12"><span class='ocrx_word' id='word_1_251' title='bbox 460 2680 622 2726; x_wconf 89' lang='lat' dir='ltr'>Codex</span> <span class='ocrx_word' id='word_1_252' title='bbox 678 2681 1039 2726; x_wconf 78' lang='lat' dir='ltr'>Vindobonensis</span> <span class='ocrx_word' id='word_1_253' title='bbox 1088 2681 1167 2724; x_wconf 77' lang='lat' dir='ltr'>lat.</span> <span class='ocrx_word' id='word_1_254' title='bbox 1217 2683 1306 2724; x_wconf 90' lang='lat'>277</span> <span class='ocrx_word' id='word_1_255' title='bbox 1356 2679 1432 2738; x_wconf 84' lang='lat' dir='ltr'>(A)</span> <span class='ocrx_word' id='word_1_256' title='bbox 1483 2679 1661 2724; x_wconf 89' lang='lat' dir='ltr'>maximi</span> <span class='ocrx_word' id='word_1_257' title='bbox 1711 2678 1838 2734; x_wconf 90' lang='lat' dir='ltr'>pretii</span> <span class='ocrx_word' id='word_1_258' title='bbox 1887 2685 1976 2731; x_wconf 89' lang='lat' dir='ltr'>est;</span> <span class='ocrx_word' id='word_1_259' title='bbox 2035 2675 2096 2721; x_wconf 89' lang='lat' dir='ltr'>H.</span> 
     </span>
     <span class='ocr_line' id='line_1_34' title="bbox 397 2747 2097 2810; baseline -0.004 -14"><span class='ocrx_word' id='word_1_260' title='bbox 397 2751 663 2797; x_wconf 87' lang='lat' dir='ltr'>Schenklius</span> <span class='ocrx_word' id='word_1_261' title='bbox 695 2754 755 2810; x_wconf 90' lang='lat' dir='ltr'>(p.</span> <span class='ocrx_word' id='word_1_262' title='bbox 786 2752 890 2809; x_wconf 86' lang='lat'>402)</span> <span class='ocrx_word' id='word_1_263' title='bbox 921 2752 976 2796; x_wconf 92' lang='lat' dir='ltr'>de</span> <span class='ocrx_word' id='word_1_264' title='bbox 1008 2764 1062 2796; x_wconf 92' lang='lat' dir='ltr'>eo</span> <span class='ocrx_word' id='word_1_265' title='bbox 1094 2753 1261 2796; x_wconf 87' lang='lat' dir='ltr'>scribit:</span> <span class='ocrx_word' id='word_1_266' title='bbox 1298 2751 1403 2804; x_wconf 85' lang='lat' dir='ltr'>„das</span> <span class='ocrx_word' id='word_1_267' title='bbox 1434 2749 1578 2794; x_wconf 91' lang='lat' dir='ltr'>macht</span> <span class='ocrx_word' id='word_1_268' title='bbox 1609 2761 1694 2792; x_wconf 91' lang='lat' dir='ltr'>uns</span> <span class='ocrx_word' id='word_1_269' title='bbox 1724 2748 1836 2792; x_wconf 90' lang='lat' dir='ltr'>eben</span> <span class='ocrx_word' id='word_1_270' title='bbox 1866 2747 1952 2792; x_wconf 91' lang='lat' dir='ltr'>den</span> <span class='ocrx_word' id='word_1_271' title='bbox 1985 2747 2097 2791; x_wconf 89' lang='lat' dir='ltr'>alten</span> 
     </span>
     <span class='ocr_line' id='line_1_35' title="bbox 400 2817 2097 2877; baseline -0.004 -11"><span class='ocrx_word' id='word_1_272' title='bbox 400 2822 759 2868; x_wconf 90' lang='lat' dir='ltr'>Vindobonensis</span> <span class='ocrx_word' id='word_1_273' title='bbox 804 2836 856 2867; x_wconf 94' lang='lat' dir='ltr'>so</span> <span class='ocrx_word' id='word_1_274' title='bbox 902 2823 1118 2877; x_wconf 87' lang='lat' dir='ltr'>wertvoll‚</span> <span class='ocrx_word' id='word_1_275' title='bbox 1164 2823 1265 2866; x_wconf 88' lang='lat' dir='ltr'>dass</span> <span class='ocrx_word' id='word_1_276' title='bbox 1306 2835 1356 2866; x_wconf 88' lang='lat' dir='ltr'>er</span> <span class='ocrx_word' id='word_1_277' title='bbox 1396 2834 1479 2865; x_wconf 89' lang='lat' dir='ltr'>uns</span> <span class='ocrx_word' id='word_1_278' title='bbox 1510 2821 1580 2864; x_wconf 91' lang='lat' dir='ltr'>die</span> <span class='ocrx_word' id='word_1_279' title='bbox 1615 2818 1860 2863; x_wconf 89' lang='lat' dir='ltr'>Halieutica</span> <span class='ocrx_word' id='word_1_280' title='bbox 1891 2817 1980 2862; x_wconf 89' lang='lat' dir='ltr'>und</span> <span class='ocrx_word' id='word_1_281' title='bbox 2012 2818 2097 2861; x_wconf 89' lang='lat' dir='ltr'>den</span> 
     </span>
     <span class='ocr_line' id='line_1_36' title="bbox 402 2890 2098 2945; baseline -0.004 -7"><span class='ocrx_word' id='word_1_282' title='bbox 402 2893 601 2939; x_wconf 89' lang='lat' dir='ltr'>Grattius</span> <span class='ocrx_word' id='word_1_283' title='bbox 646 2895 689 2938; x_wconf 89' lang='lat' dir='ltr'>in</span> <span class='ocrx_word' id='word_1_284' title='bbox 735 2895 879 2938; x_wconf 90' lang='lat' dir='ltr'>einem</span> <span class='ocrx_word' id='word_1_285' title='bbox 924 2894 1062 2937; x_wconf 92' lang='lat' dir='ltr'>durch</span> <span class='ocrx_word' id='word_1_286' title='bbox 1110 2892 1313 2937; x_wconf 69' lang='lat' dir='ltr'>Schaden</span> <span class='ocrx_word' id='word_1_287' title='bbox 1360 2891 1450 2936; x_wconf 91' lang='lat' dir='ltr'>und</span> <span class='ocrx_word' id='word_1_288' title='bbox 1494 2890 1816 2935; x_wconf 90' lang='lat' dir='ltr'>Verderbnisse</span> <span class='ocrx_word' id='word_1_289' title='bbox 1856 2900 1975 2933; x_wconf 90' lang='lat' dir='ltr'>zwar</span> <span class='ocrx_word' id='word_1_290' title='bbox 2020 2900 2098 2945; x_wconf 89' lang='lat' dir='ltr'>arg</span> 
     </span>
     <span class='ocr_line' id='line_1_37' title="bbox 398 2958 2100 3019; baseline -0.005 -9"><span class='ocrx_word' id='word_1_291' title='bbox 398 2966 639 3019; x_wconf 89' lang='lat' dir='ltr'>enstellten‚</span> <span class='ocrx_word' id='word_1_292' title='bbox 671 2965 777 3010; x_wconf 87' lang='lat' dir='ltr'>aber</span> <span class='ocrx_word' id='word_1_293' title='bbox 808 2964 935 3008; x_wconf 84' lang='lat' dir='ltr'>dafiir</span> <span class='ocrx_word' id='word_1_294' title='bbox 966 2964 1078 3008; x_wconf 89' lang='lat' dir='ltr'>auch</span> <span class='ocrx_word' id='word_1_295' title='bbox 1111 2976 1199 3008; x_wconf 92' lang='lat' dir='ltr'>von</span> <span class='ocrx_word' id='word_1_296' title='bbox 1231 2964 1316 3008; x_wconf 90' lang='lat' dir='ltr'>den</span> <span class='ocrx_word' id='word_1_297' title='bbox 1341 2961 1709 3019; x_wconf 89' lang='lat' dir='ltr'>Interpolationen</span> <span class='ocrx_word' id='word_1_298' title='bbox 1728 2958 2100 3017; x_wconf 72' lang='lat' dir='ltr'>angelsiichsisch—</span> 
     </span>
     <span class='ocr_line' id='line_1_38' title="bbox 397 3029 2097 3091; baseline -0.005 -11"><span class='ocrx_word' id='word_1_299' title='bbox 397 3036 686 3080; x_wconf 87' lang='lat' dir='ltr'>schottischer</span> <span class='ocrx_word' id='word_1_300' title='bbox 732 3036 841 3080; x_wconf 90' lang='lat' dir='ltr'>oder</span> <span class='ocrx_word' id='word_1_301' title='bbox 887 3034 1234 3091; x_wconf 76' lang='lat' dir='ltr'>Karolingischer</span> <span class='ocrx_word' id='word_1_302' title='bbox 1282 3033 1479 3077; x_wconf 87' lang='lat' dir='ltr'>Kritiker</span> <span class='ocrx_word' id='word_1_303' title='bbox 1524 3030 1766 3074; x_wconf 85' lang='lat' dir='ltr'>unberiihrt</span> <span class='ocrx_word' id='word_1_304' title='bbox 1812 3029 2097 3087; x_wconf 87' lang='lat' dir='ltr'>gebliebenen</span> 
     </span>
     <span class='ocr_line' id='line_1_39' title="bbox 401 3101 1648 3152; baseline -0.006 -1"><span class='ocrx_word' id='word_1_305' title='bbox 401 3106 516 3152; x_wconf 89' lang='lat' dir='ltr'>Text</span> <span class='ocrx_word' id='word_1_306' title='bbox 545 3107 627 3152; x_wconf 87' lang='lat' dir='ltr'>fast</span> <span class='ocrx_word' id='word_1_307' title='bbox 657 3107 800 3152; x_wconf 89' lang='lat' dir='ltr'>direkt</span> <span class='ocrx_word' id='word_1_308' title='bbox 833 3118 911 3149; x_wconf 89' lang='lat' dir='ltr'>aus</span> <span class='ocrx_word' id='word_1_309' title='bbox 943 3105 1043 3149; x_wconf 90' lang='lat' dir='ltr'>dem</span> <span class='ocrx_word' id='word_1_310' title='bbox 1077 3105 1323 3149; x_wconf 89' lang='lat' dir='ltr'>Alterthum</span> <span class='ocrx_word' id='word_1_311' title='bbox 1355 3101 1648 3148; x_wconf 72' lang='lat' dir='ltr'>iiberlieFert.”</span> 
     </span>
    </p>

    <p class='ocr_par' dir='ltr' id='par_1_8' title="bbox 463 3171 2098 3234">
     <span class='ocr_line' id='line_1_40' title="bbox 463 3171 2098 3234; baseline -0.006 -12"><span class='ocrx_word' id='word_1_312' title='bbox 463 3177 636 3234; x_wconf 88' lang='lat' dir='ltr'>Codex,</span> <span class='ocrx_word' id='word_1_313' title='bbox 678 3179 751 3234; x_wconf 90' lang='lat' dir='ltr'>qui</span> <span class='ocrx_word' id='word_1_314' title='bbox 792 3186 889 3234; x_wconf 90' lang='lat' dir='ltr'>post</span> <span class='ocrx_word' id='word_1_315' title='bbox 921 3176 1143 3221; x_wconf 88' lang='lat' dir='ltr'>saeculum</span> <span class='ocrx_word' id='word_1_316' title='bbox 1176 3188 1341 3220; x_wconf 90' lang='lat' dir='ltr'>nonum</span> <span class='ocrx_word' id='word_1_317' title='bbox 1374 3175 1549 3218; x_wconf 88' lang='lat' dir='ltr'>latuisse</span> <span class='ocrx_word' id='word_1_318' title='bbox 1581 3171 1765 3227; x_wconf 89' lang='lat' dir='ltr'>videtur,</span> <span class='ocrx_word' id='word_1_319' title='bbox 1798 3172 2002 3215; x_wconf 89' lang='lat' dir='ltr'>inventus</span> <span class='ocrx_word' id='word_1_320' title='bbox 2032 3177 2098 3214; x_wconf 91' lang='lat' dir='ltr'>est</span> 
     </span>
    </p>
   </div>
  </div>
 </body>
</html>
