2210 3568
399 1535 472 1579 10.

399 1959 470 2002 11.

401 2310 470 2356 22.

399 2735 469 2779 13.

399 2875 470 2918 14.

400 3016 472 3059 15.

1215 274 1274 319 28

515 403 627 448 Aen.
664 403 739 447 IX.
772 403 874 447 446.

752 474 958 519 fortunati
991 475 1144 520 ambo!
1176 477 1213 520 si
1245 476 1349 532 quid
1381 488 1478 534 mea
1508 479 1702 544 carmine
1733 488 1930 535 possunt,

754 545 869 589 nulla
901 546 994 590 dies
1025 558 1218 603 unquam
1251 548 1438 591 memori
1471 559 1554 592 vos
1584 549 1747 593 eximet
1778 561 1891 594 aevo

753 615 857 659 dum
889 616 1049 660 domus
1080 629 1173 673 eqs.

519 683 690 730 Confer
721 695 865 730 tamen
900 686 1052 743 Eelog.
1085 688 1126 732 5.
1158 687 1348 732 74-78.

521 825 698 884 Cyneg.
730 826 832 872 257.

753 907 796 943 et
826 899 1002 944 subiere
1033 908 1129 944 astu
1160 909 1202 944 et
1233 901 1384 956 parvis
1415 900 1631 945 domuere
1662 901 1846 946 lacertis·

518 968 629 1013 Aen.
664 968 716 1013 X.
749 968 851 1013 522.

752 1015 821 1085 ille
852 1050 948 1085 astu
980 1042 1109 1095 subit,
1141 1051 1182 1086 at
1214 1042 1490 1086 tremibunda
1522 1042 1780 1099 supervolat
1809 1043 1963 1102 hasta¹>

521 1179 697 1238 Cyneg.
730 1181 832 1225 322.

549 1285 559 1293 f
754 1254 827 1308 qui
860 1253 933 1296 tibi
965 1253 1106 1299 cultus
1137 1263 1229 1297 erat
1261 1263 1361 1310 post
1392 1263 1467 1308 tot,
1500 1253 1707 1308 Semane,
1741 1255 2011 1312 triumphos!

518 1323 630 1367 Aen.
666 1322 742 1367 VI.
775 1323 876 1368 844.

755 1376 1001 1439 Fabricium
1034 1395 1104 1439 vel
1137 1404 1177 1439 te
1208 1395 1348 1451 sulco,
1381 1394 1590 1452 Serrane,
1620 1397 1875 1440 serentem?

523 1534 698 1598 Cyneg.
732 1535 834 1580 342.
866 1535 887 1544 J

755 1607 1079 1662 terribilemque
1111 1619 1243 1650 manu
1276 1607 1444 1652 vibrata
1475 1607 1649 1652 falarica
1681 1608 1835 1652 dextra

518 1675 630 1721 Aen.
666 1676 738 1721 IX.
772 1677 872 1722 705.

754 1748 833 1792 sed
866 1760 1073 1805 magnum
1105 1748 1293 1792 stridens
1325 1757 1523 1793 contorta
1555 1749 1773 1805 phalarica
1807 1750 1924 1794 venit

754 1818 947 1862 fulminis
979 1828 1072 1863 acta
1105 1819 1239 1863 modo

521 1957 699 2016 Cyneg.
733 1959 833 2004 348.

754 2031 946 2087 pascitur·
977 2039 1019 2074 et
1050 2032 1186 2087 nigris
1218 2031 1372 2075 orbem
1405 2031 1698 2074 circumsonat
1730 2030 1808 2075 alis

518 2099 786 2145 Aen.-V111.
819 2101 920 2145 474.

754 2172 854 2216 hinc
887 2172 1074 2216 Rutulus
1105 2173 1263 2229 premit
1294 2181 1336 2217 et
1367 2184 1544 2216 murum
1576 2173 1869 2217 circumsonat
1899 2173 2032 2217 armis

520 2310 695 2368 Cyneg.
728 2311 935 2357 373-37
939 2312 979 2356 4.

754 2383 873 2439 quod
905 2385 1001 2428 sive
1033 2396 1057 2427 a
1090 2383 1243 2440 Stygia
1275 2383 1406 2428 letum
1442 2383 1710 2440 Proserpina
1741 2393 1869 2428 nocte

753 2454 903 2497 extulit
937 2463 978 2497 et
1009 2453 1133 2498 furiis
1165 2455 1446 2498 commissam
1479 2453 1697 2498 ulciscitur
1729 2455 1838 2497 iram

518 2522 630 2567 Aen.
665 2523 740 2567 111.
774 2524 877 2568 215.

756 2596 890 2650 pestis
923 2604 964 2638 et
997 2596 1061 2638 ira
1092 2595 1224 2639 deum
1257 2594 1423 2651 Stygiis
1455 2607 1553 2639 sese
1585 2594 1735 2638 extulit
1767 2594 1895 2637 undis

521 2733 696 2791 Cyneg.
728 2734 829 2778 390.
863 2735 1128 2790 moliturque
1160 2735 1299 2792 fugas,
1333 2735 1446 2779 Aen.
1481 2735 1534 2779 11.
1573 2734 1666 2778 109.
1699 2733 1845 2791 fugam
1877 2734 2019 2778 moliri

519 2874 694 2932 Cyneg.
737 2876 838 2930 411,
873 2875 985 2919 Aen.
1020 2875 1072 2919 11.
1124 2875 1229 2919 118:
1264 2875 1463 2921 vocabuli
1495 2874 1656 2919 anima
1687 2874 1841 2918 eadem
1873 2875 2101 2919 sententia.

523 3015 697 3073 Cyneg.
759 3016 982 3060 430—33.

520 3086 632 3132 Aen.
675 3087 709 3132 Ι.
762 3082 1006 3131 1594168.
1053 3034 1246 3198 }scena
1279 3086 1405 3130 simili
1437 3086 1570 3131 modo
1601 3071 1872 3130 describiturv

637 3155 712 3199 VI.
761 3155 937 3199 42—44
