2210 3568
1166 230 1224 275 32

398 357 467 403 56.
531 334 798 413 reponite:
840 359 1017 415 pluralis
1057 369 1155 416 post
1185 361 1451 416 singularem
1483 361 1695 416 oppande
1723 361 1807 420 (vs.
1839 363 1917 422 55.)
1943 376 2033 411 nm

340 430 478 485 magis
509 428 690 473 offendit
721 441 852 485 quam
882 428 994 473 infra
1016 428 1201 485 fontem
1231 435 1385 474 averte
1416 431 1528 475 mali
1557 431 1639 489 (vs.
1672 432 1778 491 377)
1807 442 1850 478 et
1876 434 2035 481 deinde

338 499 620 555 superabitis
649 499 732 557 (VS.
766 499 882 557 378).
1032 499 1036 507 ’

394 628 543 684 55[56.
586 627 705 674 Cum
738 631 942 678 versibus
973 631 1043 675 55.
1076 631 1134 677 56
1165 641 1206 676 et
1238 631 1296 675 58
1326 632 1617 699 conferantur⁴
1640 645 1752 690 quae
1786 633 1952 683 Plinius
1979 635 2036 684 de

338 700 536 744 cannabe
582 699 729 745 refert.
777 699 854 758 (N.
907 700 965 744 H.
1015 701 1130 745 XIX.
1187 702 1287 760 173)
1331 714 1489 746 semen
1526 703 1628 748 eius
1658 715 1760 748 cum
1790 707 1863 749 est
1891 709 2037 755 matu-

336 781 488 814 rum..
507 803 517 813 .
559 770 862 827 distringitur,
894 775 939 815 et
968 772 1096 816 sole
1127 776 1209 816 aut
1238 776 1419 817 vento
1450 777 1533 818 aut
1555 774 1720 830 fumo
1751 775 1959 841 siccatur.

393 899 584 944 57—59.
617 899 809 945 idcirco
844 903 898 946 et
928 902 1132 956 primas
1148 902 1378 947 linorum
1399 905 1621 959 tangere
1643 911 1851 949 messes
1867 910 1888 958 Ι
1907 908 2035 955 ante

335 972 527 1015 vetant
589 982 748 1026 quam
806 972 1032 1016 maturis
1087 974 1385 1018 accenderit
1442 986 1645 1018 annum
1674 980 1695 1028 l
1725 975 1938 1031 ignibus
1981 979 2035 1027 et

334 1041 477 1085 claro
532 1041 678 1086 Plias
729 1055 787 1086 se
840 1044 1126 1097 promserit
1177 1046 1320 1089 ortu:
1366 1045 1424 1090 cf,
1487 1045 1670 1090 Hesiod.
1737 1046 1892 1104 Opera
1945 1047 2034 1092 383

335 1110 571 1167 Πληϊόεδων
601 1111 914 1164 Ἀτλαγγενέων
934 1113 1297 1168 ἐπιτελλομενάων
1313 1119 1333 1170 s
1350 1115 1521 1170 ἄρχεσθ’
1542 1116 1720 1169 ἀμητοῦ,
1751 1117 1862 1161 Ptin.
1889 1117 1944 1162 Ν.
1971 1117 2030 1162 Η.

334 1182 497 1228 XVIII.
550 1183 651 1227 280.
699 1184 1039 1242 (Vergiliarum)
1084 1189 1244 1230 exortu
1280 1189 1439 1230 aestas
1471 1186 1643 1242 incipit,
1675 1199 1841 1232 occasu
1871 1187 2032 1243 hiem-5,

332 1254 546 1298 semestri
573 1254 727 1309 spatio
761 1255 883 1299 intra
914 1267 967 1299 se
998 1267 1174 1300 messes
1204 1256 1552 1313 vindemiasque
1582 1261 1628 1302 et
1657 1258 1862 1303 omnium
1888 1262 2034 1304 matu-

333 1324 517 1369 ritatem
548 1325 810 1380 complexae
818 1338 834 1379 ;
883 1325 973 1371 Ov.
1021 1326 1134 1371 Fast.
1183 1327 1238 1372 V.
1272 1327 1373 1372 599.
1421 1328 1614 1372 Pliadas
1643 1329 1844 1384 aspicies
1872 1341 2033 1375 omnes

323 1398 568 1451 totumque
612 1407 822 1441 sororum
851 1403 871 1451 s
901 1409 1080 1453 agmen,
1114 1398 1193 1442 ubi
1236 1402 1345 1443 ante
1377 1399 1483 1443 idus
1513 1410 1606 1444 nox
1641 1400 1728 1444 erit
1758 1411 1852 1445 una
1880 1412 2029 1457 super.

332 1469 352 1521 J
382 1469 480 1511 tum
511 1466 626 1511 mihi
661 1479 754 1512 non
785 1468 940 1512 dubiis
971 1469 1234 1513 auctoribus
1267 1469 1426 1525 incipit
1455 1473 1613 1514 aestas
1634 1470 1654 1527 l
1668 1463 1874 1527 ettepidi
1883 1471 2030 1528 finem
2076 1476 2078 1480 '

333 1540 539 1593 tempora
583 1538 706 1582 veris
751 1538 921 1583 habent
949 1540 1036 1597 (hic
1066 1541 1161 1585 dies
1191 1550 1256 1585 est
1288 1543 1452 1586 mensis
1485 1540 1593 1585 Maii
1622 1542 1819 1586 decimus
1847 1543 2027 1602 tertius).

391 1609 606 1653 vetant:
639 1610 721 1653 viri
753 1610 911 1654 harum
943 1623 1091 1655 rerum
1123 1612 1263 1668 periti,
1295 1611 1348 1656 cf.
1382 1625 1447 1657 vs.
1480 1612 1539 1656 90
1571 1612 1757 1656 iussere.

391 1679 699 1724 maturis...
717 1712 728 1724 .
768 1680 1058 1736 signibus:
1115 1682 1249 1739 Verg.
1312 1681 1481 1740 Georg.
1531 1683 1561 1726 1.
1610 1683 1669 1727 66
1710 1684 2029 1739 pulverulenta

332 1753 497 1806 coquat
528 1751 722 1795 maturis
751 1751 928 1795 sol-ibus
947 1755 1105 1796 aestas
1115 1766 1132 1805 ,·
1158 1752 1247 1797 Ov.
1268 1753 1374 1798 Met.
1396 1754 1411 1797 1
1430 1754 1517 1798 778
1535 1754 1736 1810 ignibus.
1756 1789 1765 1797 .
1787 1790 1794 1797 .
1819 1755 2025 1800 sidereis.

2138 949 2143 958 Ι
2156 948 2175 964 ·’

2149 974 2180 1019 κ’»
2206 991 2208 997 ’

2166 1021 2180 1030 ,

389 1880 460 1924 60.
521 1880 810 1927 imbiberit:
857 1881 1109 1927 Vollmerus
1147 1891 1266 1927 recte
1312 1892 1458 1928 mente
1488 1884 1689 1940 supplet:
1720 1883 1866 1929 linum
1898 1884 2028 1941 ignes

332 1947 556 1994 imbiberit
570 1964 586 2006 ‚·
628 1953 691 1996 sic
737 1964 826 1996 non
870 1954 1169 2011 necessarium
1217 1962 1316 1997 ante
1364 1966 1427 1998 VS.
1459 1953 1520 1998 60
1549 1966 1649 1998 cum
1681 1953 1796 1999 Titio
1826 1955 2026 2000 lacunam
2070 2005 2072 2007 ,

330 2027 544 2076 statuere3
591 2021 644 2066 cf.
680 2022 868 2080 ‘Lucren
917 2022 947 2067 1.
996 2023 1085 2067 305
1132 2024 1328 2079 denique
1366 2024 1639 2081 fluctifrago
1685 2036 1942 2080 suspensae
1979 2025 2027 2070 in

330 2089 463 2134 litore
492 2095 645 2136 vestes
675 2097 694 2146 s
734 2098 984 2148 uvescunt;
1013 2095 1207 2139 caedam
1237 2095 1491 2150 dispansae
1522 2096 1570 2140 in
1599 2095 1698 2140 sole
1742 2097 2026 2153 serescunt.l

329 2165 381 2205 at
440 2173 586 2218 neque
632 2175 721 2219 quo
763 2168 900 2219 pacto
942 2166 1196 2220 persederit
1241 2178 1371 2210 umor
1417 2167 1560 2222 aquai
1589 2170 1608 2224 s
1638 2167 1789 2211 visum
1833 2170 1905 2211 est
1944 2179 2027 2212 nec

328 2243 511 2277 rursum
542 2245 631 2289 quo
660 2238 798 2289 pacto
821 2235 1002 2291 fugerit
1032 2240 1178 2280 aestu.
1826 2275 1830 2287 .,

387 2305 542 2349 tanto
558 2307 846 2359 respondet
862 2307 1069 2363 longior
1090 2320 1242 2351 usus:
1279 2320 1392 2352 usus
1414 2318 1532 2353 recte
1549 2308 1827 2354 Sannazarus
1844 2311 2024 2354 restituit

330 2386 412 2430 pro
459 2385 546 2418 usu
592 2375 667 2434 (A)
713 2377 831 2432 quod
874 2377 1048 2422 defendi
1090 2380 1237 2435 nequit
1269 2392 1369 2424 eum
1399 2379 1579 2435 longior
1608 2379 1663 2424 ad
1693 2380 1838 2424 linum
1868 2379 2024 2425 referri

329 2457 418 2489 non
462 2448 619 2502 possit,
652 2457 767 2491 totus
814 2461 972 2493 versus
1004 2462 1103 2493 cum
1136 2463 1268 2494 versu
1316 2450 1373 2494 73
1418 2451 1463 2494 si
1507 2461 1598 2505 qua
1630 2450 1745 2494 meis
1780 2450 2026 2506 respondet

272 2566 276 2570 ⁸
327 2515 388 2558 ab
442 2516 668 2563 artibus..
688 2519 939 2574 ,sgratia
995 2520 1290 2565 conierendus
1345 2530 1423 2565 est.
1493 2520 1715 2588 Sententia
1768 2530 1856 2566 est:
1903 2530 2023 2567 tanto

327 2586 500 2643 longior
530 2601 636 2632 usus
666 2590 691 2632 i.
730 2601 767 2633 e.
801 2590 974 2634 utilitas
988 2592 1186 2647 rependit
1218 2601 1314 2636 tuas
1344 2604 1485 2637 curas.

996 2731 1071 2776 De
1102 2735 1355 2786 pennato.

390 2833 459 2879 De
489 2847 662 2883 summa
693 2848 742 2880 re
773 2837 1028 2881 conferendi
1059 2849 1181 2883 sunt:
1216 2839 1351 2897 Verg.
1388 2838 1555 2895 Georg.
1591 2838 1664 2882 111.
1698 2837 1861 2882 371-72

504 2906 590 2950 hos
619 2917 712 2950 non
745 2907 954 2951 inmissis
984 2909 1188 2964 canibus,
1221 2921 1314 2954 non
1344 2909 1554 2954 cassibus
1590 2909 1697 2953 ullis

501 2978 866 3031 puniceaeve
896 2978 1076 3033 agitant
1104 2980 1301 3034 pavidos
1323 2980 1579 3037 formidine
1609 2991 1849 3034 pennae.

386 3045 520 3104 Verg.
556 3047 665 3092 Aen.
699 3047 795 3092 XII.
828 3048 943 3093 747:

502 3118 728 3164 inclusum
766 3120 909 3163 veluti
948 3120 993 3164 si
1026 3122 1210 3176 quando
1256 3122 1444 3171 flumine
1475 3125 1638 3166 nactus
