2210 3568
961 236 1013 281 81

132 368 388 427 pardorum
418 367 639 420 maculis:
671 366 791 412 V111.
822 366 881 412 84
911 369 1022 412 sunt
1053 366 1101 411 in
1132 378 1188 412 eo
1212 378 1382 424 genere
1410 366 1490 426 (sc.
1523 366 1748 425 luporum)
1769 369 1851 424 qui

16 436 47 466 ³³
126 440 395 486 cervarii
431 442 668 495 vocantur,
710 439 895 496 qualem
933 450 962 483 e
986 437 1160 487 ,Gallia
1192 439 1241 483 in
1273 438 1483 495 Pompeii
1511 437 1676 495 Magni
1703 450 1849 484 arena

22 535 47 567 χ.
130 514 391 568 spectatum
420 510 627 556 diximus
657 510 797 569 (V111.
829 509 918 568 70).
1706 531 1708 533 -

35 613 53 627 2
190 581 366 630 Thoem
396 593 442 629 et
471 583 651 629 leonem
682 582 834 628 hostes
864 594 965 627 esse
995 582 1114 627 idem
1145 584 1337 639 scriptor
1358 591 1507 627 narrat
1531 580 1588 626 N.
1609 580 1671 627 H.
1689 580 1849 627 x.206

27 648 37 702 J
126 654 363 700 dissident
390 654 525 700 thoes
554 657 602 699 et
630 654 800 699 leones.

36 748 38 755 ν
188 725 530 772 commissos.
550 758 561 770 .
579 759 590 771 .
647 725 856 771 leones:
906 735 1129 770 accensos
1174 733 1327 770 contra
1374 725 1514 780 thoes,
1560 724 1615 770 cf.
1663 723 1846 771 Sueton.

29 832 34 844 .
133 795 276 856 Calig.
323 796 384 842 56
428 808 514 842 nec
558 793 765 842 cessavit
809 796 888 855 (sc.
935 795 1155 854 Caligula)
1195 807 1254 840 ex
1293 807 1349 841 eo
1385 795 1624 842 criminari
1651 796 1848 842 alterum

32 911 35 920 ,
127 867 269 930 alteri
295 871 438 924 atque
470 867 595 913 inter
619 879 674 912 se
703 868 857 913 omnis
887 867 1275 913 committere.

187 1011 290 1057 257.
324 1011 534 1057 subiere
566 1012 714 1056 astu:
747 1011 802 1057 cf.
836 1020 1033 1057 nostram
1065 1011 1121 1056 ad
1154 1024 1220 1056 vs.
1259 1010 1341 1055 184
1373 1010 1712 1055 adnotationem.

188 1081 400 1138 parvis.
418 1115 429 1126 .
447 1116 459 1128 .
497 1082 734 1128 lacertis:
767 1083 984 1138 cruribus,
1016 1082 1071 1128 cf.
1104 1081 1216 1128 infra
1247 1081 1349 1127 277.

187 1224 291 1270 259.
322 1226 524 1271 exacta
556 1225 835 1270 voluntas:
867 1227 1040 1270 animus
1071 1225 1126 1270 ad
1158 1224 1505 1283 aggrediendum
1536 1233 1727 1283 paratus.

187 1366 290 1414 260.
339 1368 551 1413 munia:
593 1380 655 1414 sc.
697 1369 960 1424 venationis,
999 1368 1054 1413 cf.
1103 1367 1285 1413 Nemes.
1331 1365 1508 1425 Cyneg.
1560 1366 1640 1412 187
1680 1367 1848 1426 (canes)

135 1443 347 1486 exercete
375 1439 472 1495 diu,
503 1440 709 1486 venandi
737 1451 930 1486 munera
959 1451 1127 1498 cogens
1159 1445 1179 1494 s
1209 1439 1398 1485 discere.

190 1581 293 1628 261.
327 1583 451 1628 aut:
483 1582 538 1628 cf.
572 1581 707 1629 Thes,
740 1584 843 1641 ling.
874 1582 969 1628 Lat.
1003 1581 1057 1627 11.
1089 1595 1132 1641 p.
1171 1581 1295 1628 1569.
1327 1581 1387 1627 73
1416 1594 1512 1640 sqq.

189 1723 293 1772 262.
324 1724 469 1772 inter
498 1737 657 1782 opus:
685 1727 800 1771 inter
830 1726 1098 1772 venandum.

189 1809 352 1854 quom
383 1809 508 1843 sera
538 1798 686 1843 cadit
716 1796 1004 1854 prudentia
1034 1797 1256 1841 damno:
1286 1809 1419 1854 quem
1451 1809 1607 1842 canem
1628 1798 1665 1842 si
1681 1796 1846 1855 fingere

131 1869 431 1927 supersedisti,
466 1871 611 1915 omnis
641 1870 874 1927 prudentia
905 1882 1006 1914 sera
1036 1878 1102 1914 est
1132 1877 1176 1913 et
1206 1870 1339 1913 irrita.

189 1940 358 1986 cadit:
399 1953 462 1987 sc.
518 1941 575 1986 ad
633 1943 821 1997 irritum,
863 1941 918 1986 cf.
965 1940 1062 1987 Liv.
1098 1940 1150 1985 11.
1183 1939 1226 1984 6.
1266 1941 1280 1984 1
1318 1940 1568 1985 dolore...
1593 1942 1755 1985 tantae
1785 1940 1848 1984 ad

83 2013 88 2017 ’
131 2011 313 2058 irritum
342 2012 554 2058 cadentis
582 2013 697 2069 spei.

699 2154 776 2200 De
808 2166 1005 2201 canum
1037 2153 1283 2201 coitione.

189 2297 442 2343 263-278.
508 2297 704 2356 Exponit
759 2308 905 2356 poeta,
955 2298 1109 2356 quales
1160 2307 1367 2355 parentes
1411 2309 1511 2344 esse
1557 2298 1764 2343 debeant-
1791 2298 1846 2342 ad

129 2381 288 2415 canem
320 2369 660 2427 procreandum.
1450 2368 1452 2371 “
1537 2370 1550 2375 ‘

188 2511 292 2558 263.
324 2512 489 2569 iunge
529 2523 691 2568 pares
731 2523 882 2569 ergo:
917 2510 1119 2559 Grattius
1149 2514 1341 2558 imitatur
1379 2512 1639 2572 Vergilium,
1673 2510 1844 2570 Georg.

131 2581 206 2627 111.
245 2582 329 2628 169
360 2583 498 2641 iunge
524 2595 678 2640 pares.

188 2664 340 2711 ergo:
382 2655 453 2700 hie
494 2667 584 2700 non
626 2655 768 2712 igitur
794 2654 1019 2714 significat,
1051 2655 1131 2701 sed
1166 2657 1399 2714 superiora
1429 2668 1532 2701 cum
1562 2656 1847 2714 sequentibus

19 2711 37 2794 μ’
126 2727 363 2784 coniungit.

190 2807 374 2853 pares:
415 2798 471 2843 ad
515 2808 700 2843 aetatem
744 2799 879 2844 refert
919 2798 1122 2844 Sternius
1161 2799 1320 2844 collato
1361 2811 1496 2844 versu
1536 2797 1648 2854 2653
1691 2797 1846 2842 melius

136 2866 306 2914 Curcio
321 2868 581 2928 („accoppia
598 2872 695 2915 cani
717 2870 829 2914 della
850 2879 988 2915 stessa
1010 2870 1187 2928 razza”)
1207 2880 1250 2915 et
1268 2870 1468 2916 Vollmer
1484 2872 1844 2926 interpretantur:

55 2956 58 2958 ·
134 2941 359 2994 „eiusdem
391 2942 612 2998 generis”‘
644 2941 698 2986 cf.
736 2940 930 2999 Oppian.
964 2954 1064 2987 ven.
1099 2942 1130 2986 Ι.
1166 2941 1255 2986 393
1286 2952 1328 2987 et
1358 2954 1450 2998 seq.

309 3011 441 3056 ἔθνεα
472 3014 537 3055 σοὶ
568 3012 611 3055 δὲ
643 3021 781 3057 κυνῶν
811 3011 1187 3068 θαλαμηπολέοντι
1218 3012 1408 3067 μελέσθω

311 3083 472 3139 ἄρμενά
502 3085 540 3126 τ’
571 3082 816 3138 ἀλλήλοισιν
847 3084 1010 3127 ἐοικότα
1041 3086 1078 3126 τ’
1111 3084 1234 3142 ἔξοχα
1266 3083 1392 3137 φῦλα.

312 3155 523 3211 Ἀρκάδας
555 3154 739 3205 Ἠλείοις
770 3157 992 3210 ἐπιμίσγεο,
1025 3157 1184 3198 Παίοσι
1218 3159 1405 3211 Κρῆτας,

194 3224 246 3269 11.
1635 3225 1664 3268 6
