2210 3568
966 217 1025 262 65

137 353 290 410 gentis
342 350 414 397 vel
466 350 589 395 urbis
639 350 683 393 in
736 349 894 394 vicinia
946 348 1129 393 aliarum
1182 348 1408 406 postulari,
1461 349 1579 405 quod
1631 347 1865 393 Heinsium

139 421 345 479 ,Argivas
375 422 666 467 conicientem
696 419 817 478 fugit.

205 494 370 553 Digna,
392 505 506 551 quae
523 500 899 538 commemoretur
914 492 1045 535 etiam
1067 489 1237 548 Ungeri
1254 493 1505 536 coniectura
1522 490 1688 550 (Electa
1704 492 1866 546 critica,

151 565 277 611 1842.
319 578 363 623 p.
418 564 434 609 1
473 563 590 622 sqq.)
622 562 942 619 Naryciusque
972 561 1026 607 cf.
1064 560 1201 607 Ovid.
1237 561 1418 607 Metam.
1455 562 1574 608 XIV.
1607 561 1695 607 468
1726 563 1870 619 Nary-

139 637 338 693 eiusque
389 635 529 681 heros
573 633 748 693 (Aiax);
795 633 970 688 Νὰρυξ,
1003 634 1142 691 inquit
1173 632 1438 691 Stephanus,
1470 633 1591 683 πόλις
1637 634 1845 689 Λοκρίδος
1853 652 1868 686 ,·

147 708 404 754 Locrenses
456 715 603 752 autem
649 717 783 751 canes
829 705 974 749 laudat
1022 703 1445 763 Pseudoxenophon
1495 704 1671 764 Cyneg.
1718 706 1781 751 lO.
1831 706 1866 750 1.

142 782 250 836 πρὸς
295 778 339 822 δὲ
385 780 463 821 τὸν
514 774 566 822 ὗν
619 778 695 819 τὸν
748 775 894 831 ἄγριον
945 780 1173 830 κεκτῆσθαι
1219 776 1350 825 κύνας
1396 776 1596 830 Ἰνδικάς,
1637 780 1868 832 Κρητικάς,

142 849 444 908 Aoniam,
496 849 738 897 Λακαίνας.
803 847 970 902 „Error
1017 848 1135 905 apud
1183 846 1453 906 Grattium'',
1500 850 1562 894 sic
1594 850 1688 906 ipse
1719 850 1868 895 scribit

149 923 222 976 vir
251 922 561 977 acutissimus,
596 920 723 975 „inde
759 928 884 964 ortus
914 931 1014 964 esse
1046 919 1280 975 videbitur,
1312 921 1432 977 quod
1464 920 1666 965 librarius
1698 922 1867 966 literam

150 994 193 1040 N
237 993 444 1039 initialem
485 993 696 1047 omiserit,
743 1000 789 1035 ut
820 1003 919 1036 eam
957 999 1111 1048 postea
1144 993 1280 1036 minio
1313 992 1458 1037 aliove
1489 992 1640 1037 colore
1672 994 1868 1037 ornatius

139 1074 364 1112 exararet.
443 1062 583 1120 Quod
641 1072 789 1119 restat,
839 1062 1032 1120 Acyrus‚
1098 1062 1291 1120 Arycus,
1355 1064 1550 1121 Arycius
1595 1077 1685 1109 non
1732 1064 1868 1108 modo

147 1138 354 1196 proxima
397 1136 495 1191 sibi,
542 1136 622 1181 sed
667 1136 798 1180 etiam
831 1135 926 1191 pari
959 1143 1091 1191 atque
1121 1135 1282 1179 eodem
1314 1144 1428 1179 statu
1458 1148 1558 1180 esse
1589 1136 1690 1180 inde
1722 1136 1871 1180 intelli-

147 1210 280 1268 gitur,
310 1207 435 1266 quod
465 1207 559 1253 fere
590 1207 695 1252 nihil
727 1206 1000 1263 frequentius
1032 1215 1099 1251 est
1119 1218 1171 1250 ea
1193 1206 1477 1251 scribentium
1500 1216 1572 1251 aut
1597 1207 1868 1264 loquentium

148 1280 339 1335 levitate,
393 1292 480 1338 qua
526 1279 641 1324 duae
687 1280 818 1323 unius
864 1278 1068 1323 vocabuli
1114 1278 1310 1335 syllabae
1355 1279 1417 1323 sic
1459 1280 1780 1334 continuantur,
1823 1288 1869 1323 ut

149 1353 319 1411 primae
371 1351 542 1396 litterae
586 1363 688 1396 cum
735 1358 1045 1407 consonantes,
1078 1358 1169 1394 tum
1203 1350 1382 1395 vocales
1412 1351 1568 1395 ordine
1600 1350 1870 1396 collocentur

91 1479 97 1489 ⁸
143 1423 490 1482 appellenturve
530 1431 835 1480 praepostero,
867 1430 914 1485 ut
949 1419 1040 1466 Ov
1077 1420 1184 1466 Met.
1219 1421 1315 1465 X11
1369 1421 1451 1465 116
1481 1422 1736 1478 Menoeten,
1769 1422 1870 1466 Pla-

150 1495 294 1540 nudes
323 1494 594 1550 Nqavjrnvf’
626 1494 729 1540 vide
749 1493 928 1551 longam
950 1494 1113 1538 seriem
1136 1492 1368 1538 illustrium
1390 1494 1714 1551 exemplorum,
1737 1507 1868 1551 quam

155 1566 368 1625 Ungerus
401 1566 578 1611 addidit

217 1636 516 1696 Wemsdorfii
571 1646 717 1682 tamen
767 1637 1021 1682 coniectura
1079 1637 1226 1681 minus
1281 1637 1412 1694 longe
1467 1638 1590 1682 abest
1631 1650 1655 1681 a
1718 1637 1871 1682 litteris

148 1710 335 1756 traditis.
835 1764 843 1775 ι

212 1779 369 1838 Longe
404 1779 528 1825 aliter
558 1780 614 1825 de
645 1789 738 1825 toto
769 1779 869 1824 loco
901 1780 1061 1824 iudicat
1086 1779 1312 1824 Henricus
1336 1779 1533 1825 Schenkl
1553 1780 1626 1838 (zu
1651 1778 1869 1835 Grattius,

148 1864 194 1909 p.
228 1850 346 1908 436).
386 1850 428 1896 Is
450 1863 585 1896 versu
613 1850 695 1896 182
707 1850 912 1908 fraudes
932 1851 1144 1909 supplens
1165 1861 1286 1909 putat
1307 1851 1608 1907 Athamanes,
1626 1852 1870 1907 PheranS,

151 1922 424 1968 Acarnanes
474 1935 565 1968 non
611 1935 758 1979 canes,
803 1923 880 1968 sed
931 1923 1134 1968 homines
1179 1935 1293 1978 esse,
1326 1924 1485 1980 quibus
1517 1936 1648 1968 canes
1682 1923 1871 1968 Molossi

145 1995 383 2040 calliditate
428 1995 535 2040 nihil
581 1996 764 2040 omnino
810 1995 990 2050 cedant3
1038 1996 1277 2052 scriptores
1323 1997 1440 2040 enim
1483 1997 1709 2041 venaticos
1740 2008 1872 2040 canes

154 2065 419 2112 Acarnanes
450 2064 777 2123 Thessalosque
809 2079 899 2111 non
932 2078 1078 2111 nosse.

213 2136 303 2182 Sed
353 2147 399 2182 ut
444 2150 504 2182 ex
548 2140 712 2183 nostris
758 2139 813 2182 acl
861 2151 926 2184 νε.
981 2137 1063 2182 183
1094 2137 1149 2182 de
1186 2137 1406 2182 Pheraeis
1436 2148 1478 2183 et
1509 2140 1565 2183 ad
1599 2152 1663 2184 vs.
1704 2139 1784 2183 185
1818 2140 1873 2183 de

153 2209 479 2254 Acamanibus
527 2210 879 2255 adnotationibus
927 2210 1078 2254 videre
1120 2219 1261 2267 potes,
1304 2210 1348 2254 hi
1380 2222 1512 2255 canes
1544 2223 1704 2255 revera
1737 2213 1875 2255 nomi-

146 2289 329 2336 nantur,
347 2290 407 2331 ,et
432 2290 629 2338 utroque
659 2281 760 2326 loco
791 2281 846 2326 de
877 2282 1058 2326 canibus
1092 2283 1305 2327 venaticis
1335 2294 1486 2326 sermo
1516 2292 1594 2327 est.

213 2352 562 2408 Pheraeque:
593 2353 649 2398 de
697 2353 764 2397 his
801 2354 984 2398 canibus
1014 2353 1201 2411 legimus
1232 2354 1348 2414 apud
1383 2354 1683 2410 Plutarchum,
1716 2353 1871 2411 Pelop.

148 2424 213 2470 29
272 2436 363 2482 quo
426 2433 607 2469 auctore
670 2423 925 2469 Alexander
977 2424 1204 2470 Pheraeus
1259 2425 1422 2475 ζῶντας
1481 2428 1555 2479 μὲν
1617 2425 1874 2481 ἀνθρώπους

154 2497 445 2551 κατώρυττεν,
492 2494 643 2550 ἑτέροις
685 2494 734 2553 δὲ
769 2495 956 2550 δέρματα
986 2505 1098 2540 συῶν
1130 2497 1288 2552 ἀγρίων
1321 2499 1391 2539 καὶ
1434 2500 1605 2552 ἄρκτων
1649 2500 1874 2553 περιτιθεὶς

155 2569 228 2610 καὶ
259 2569 370 2616 τοὺς,
389 2567 651 2623 θηρατικούς
685 2566 857 2621 ἐπάγων
885 2569 1013 2616 κύνας
1045 2570 1117 2609 καὶ
1148 2568 1297 2611 διέσπα
1328 2586 1398 2611 και
1431 2569 1703 2625 κατηκόντιζε
1723 2570 1875 2627 παιδιᾷ

153 2640 294 2696 ταύτῃ
327 2639 545 2696 χρώμενος.
582 2638 732 2683 Keller
763 2638 813 2697 (1.
847 2653 888 2696 p.
914 2639 1013 2698 126)
1045 2649 1165 2697 putat
1195 2652 1276 2685 eos
1307 2642 1507 2686 eiusdem
1539 2643 1714 2699 generis
1746 2650 1874 2698 atque

157 2710 386 2756 Molossos
422 2710 581 2755 Fuisse:
636 2711 902 2765 „bestanden
943 2711 1058 2756 doch
1091 2712 1205 2757 viele
1238 2711 1615 2757 Freundschaften
1654 2713 1874 2757 zwischen

155 2783 258 2827 dem
279 2782 638 2840 sportliebenden
661 2783 974 2827 thessalischen
993 2782 1105 2834 Adel
1123 2784 1213 2827 und
1230 2783 1331 2828 dem
1351 2784 1669 2828 molossischen
1691 2784 1878 2840 Konigs-

154 2853 280 2898 hofe:
313 2866 366 2899 so
399 2866 492 2899 war
525 2854 694 2898 Menon
727 2866 817 2899 von
851 2854 1090 2899 Pharsalos
1127 2857 1204 2899 mit
1227 2855 1327 2900 dem
1353 2855 1527 2912 Konige
1550 2856 1629 2899 der
1653 2855 1876 2900 Molosser

153 2920 368 2987 Aiakides
399 2925 785 2982 verschwiigert.
747 2926 771 2944 ”

224 3067 318 3112 183.
382 3068 751 3113 clandestinus
808 3066 1080 3113 Aca‘rnan:
1134 3082 1214 3114 cur
1274 3071 1344 3114 hic
1394 3071 1515 3113 canis
1562 3068 1878 3114 clandestinas

157 3148 356 3194 vocetur,
392 3139 481 3184 duo
517 3149 751 3196 sequentes
784 3153 942 3185 versus
973 3141 1143 3186 docent

281 3210 332 3254 11.
1667 3212 1694 3255 5
