2210 3568
956 189 1005 234 41

5 289 59 390 js*
121 296 270 368 torum*
311 321 584 377 Latinorum,
627 321 746 378 quod
791 320 1009 365 Nisardus
1040 320 1199 365 edidit:
1236 332 1348 377 „que
1380 319 1546 375 dirai-je
1578 318 1658 362 des
1690 318 1841 374 pieges

5 423 6 426 =
122 394 270 439 munis
299 393 357 438 de
389 393 533 448 dents,
566 403 654 449 que
683 393 727 436 le
756 392 979 437 chasseur
1008 394 1200 436 entoure
1231 392 1289 436 de
1321 391 1424 435 bois
1453 387 1705 446 d'yeuse12”

184 463 279 521 Qui
325 463 473 509 locum
518 466 816 519 Κυνηγετικοῦ
862 471 1023 508 attente
1070 462 1185 520 legit,
1232 463 1426 520 intelligit
1475 462 1669 518 ilignum
1704 459 1842 504 robur

7 510 47 604 »ἔχ’
121 535 370 594 significare
412 537 462 578 τὸ
507 535 705 590 πρίνινον
752 532 880 584 ξύλον
913 554 969 571 =
1002 534 1127 591 palus
1173 534 1346 591 ilignus.
1413 533 1537 590 Quid
1579 542 1725 577 autern
1777 540 1843 576 est

122 607 327 653 clausit?
375 606 464 652 Hic
509 618 594 664 ego
641 604 916 651 confidenter
962 605 1241 662 respondeo:
1290 626 1346 642 =
1396 605 1444 650 in
1481 605 1583 662 fine
1613 604 1845 662 <pedicae>

42 711 44 738 3
121 678 320 733 addidit,
350 677 405 724 cf.
437 679 577 724 nostri
607 678 816 723 carminis
852 689 1034 722 versum
1064 676 1145 720 112
1172 680 1218 721 et
1238 677 1428 733 quidam
1448 677 1561 721 totis
1581 676 1846 721 clauserunt

121 750 313 796 ensibus
354 749 582 803 <hastas,>
626 759 669 794 et
715 748 891 793 Aelium
940 747 1222 806 Spartanum,
1270 747 1484 793 Hadrian.
1529 748 1571 792 9.
1620 759 1743 793 cum.
1765 782 1772 791 .
1794 781 1803 790 .
1825 779 1835 790 .

122 821 289 878 capulo
333 820 413 866 vix
458 819 657 866 eburneo
702 819 921 876 spatham
967 820 1202 865 clauderet
1247 819 1322 879 (=
1369 832 1457 865 une
1504 820 1614 877 epee
1661 819 1768 864 dont
1804 818 1845 862 la

121 893 312 952 poignee
343 893 445 938 etait
475 901 568 938 tout
600 905 657 937 au
687 892 787 950 plus
817 890 1035 950 d’ivoire).

32 3187 44 3211 ¹

11 3195 14 3197 .
27 3193 31 3200 .

8 3215 31 3244 -ςῗ

180 1012 252 1058 92.
295 1011 423 1069 quid
454 1011 568 1068 qui:
607 1011 727 1056 idem
765 1023 925 1056 versus
956 1012 1125 1055 initium
1158 1011 1276 1068 apud
1309 1011 1570 1068 Vergilium,
1607 1009 1778 1068 Georg.
1814 1010 1845 1055 Ι.

2 1076 43 1149 ᾗ]
130 1085 224 1130 111.
266 1083 378 1141 quid
404 1083 497 1140 qui,
529 1094 587 1128 ne
614 1082 827 1139 gravidis
853 1083 1126 1138 procumbat
1155 1083 1334 1127 culmus
1364 1083 1541 1138 aristiS,
1569 1085 1589 1138 s
1619 1082 1847 1127 luxuriem

35 1168 38 1187 1
122 1159 332 1213 segetum
362 1158 522 1200 tenera
551 1154 764 1210 depascit
797 1154 847 1199 in
878 1155 1031 1199 herba.

181 1275 254 1321 93.
287 1274 533 1331 pedicas:
580 1273 635 1319 cf.
687 1272 825 1319 Ovid.
873 1273 1055 1319 Metam.
1105 1274 1203 1319 XV.
1252 1274 1341 1319 473
1386 1274 1506 1319 retia
1537 1285 1640 1319 cum
1667 1273 1849 1329 pedicis

123 1347 405 1404 laqueosque
435 1349 650 1401 artesque
681 1346 874 1390 dolosas
903 1348 923 1400 s
953 1345 1113 1390 tollite.

185 1417 471 1464 Inventorem
503 1418 758 1475 pedicarum
792 1416 1056 1462 Plutarchus
1086 1419 1283 1462 nominat
1306 1417 1585 1470 Aristaeum,
1617 1418 1660 1465 ὃς
1682 1424 1849 1471 πρῶτος

124 1490 299 1544 θήρεσσι
329 1488 478 1545 (δρυὸς
508 1487 738 1544 συν>έπηγε
771 1487 988 1544 ποδάγρας
1019 1488 1183 1547 (Amat.
1224 1488 1306 1548 14).

185 1607 257 1653 93.
280 1618 443 1664 quam
471 1606 941 1653 dissimulantibus
968 1607 1137 1652 armis
1154 1613 1353 1663 [saepe
1370 1607 1536 1652 habet
1552 1607 1850 1662 inprudens

2 1679 32 1735 ξ
125 1678 290 1725 alieni
310 1679 459 1724 lucra
478 1679 704 1725 laboris:
726 1682 866 1738 potuit
887 1692 1022 1737 saepe
1045 1689 1233 1725 venator
1255 1680 1438 1725 bestiam
1461 1680 1515 1724 ab
1537 1679 1631 1724 aliis
1647 1681 1851 1736 agitatam

126 1751 196 1796 his
227 1750 416 1798 vinculis
446 1762 631 1808 capere;
663 1748 1070 1794 dissimulantibus
1100 1748 1247 1793 armis
1278 1769 1338 1785 =
1368 1760 1422 1792 se
1442 1748 1851 1793 dissimulantibus

126 1844 186 1860 =
216 1822 432 1877 occultis;
464 1822 742 1879 inprudens:
772 1831 948 1878 praeter
979 1822 1368 1878 exspectationem.
1404 1820 1554 1879 Quam
1580 1832 1681 1865 cum
1710 1831 1853 1875 saepe

0 1888 31 1963 't
127 1895 401 1953 iungendum
432 1903 514 1942 est.

796 2012 938 2056 Laus
968 2010 1196 2067 Dercyli.

188 2131 261 2177 95.
293 2144 326 2177 o
363 2130 508 2185 felix,
534 2130 708 2176 tantis
737 2143 896 2187 quem
928 2130 1163 2186 primum
1195 2130 1463 2175 industria
1494 2132 1656 2176 rebus
1686 2136 1707 2184 Ι
1738 2142 1856 2186 pro-

0 2189 37 2202 ”
131 2203 264 2248 didit
304 2204 605 2248 auctorem:
649 2215 677 2247 o
722 2202 828 2247 felix
871 2215 1003 2259 quem
1035 2215 1116 2247 sua
1148 2202 1361 2247 industria
1392 2204 1436 2246 in
1468 2202 1612 2247 lucem
1645 2203 1855 2260 produxit
1881 2249 1886 2255 ,

130 2284 174 2321 et
215 2285 304 2320 tam
344 2275 512 2319 clarum
553 2273 668 2330 fecit,
711 2283 757 2319 ut
796 2286 950 2319 earum
987 2286 1139 2319 rerum
1171 2283 1325 2319 auctor
1357 2274 1607 2319 haberetur.
1642 2287 1673 2319 0
1703 2273 1854 2319 felix:

0 2322 37 2377 ἶ·
131 2347 187 2393 cf.
221 2346 358 2405 Verg.
394 2344 565 2404 Georg.
601 2345 655 2389 11.
686 2345 776 2390 490
797 2343 924 2402 felix
945 2345 1026 2402 qui
1050 2346 1206 2402 potuit
1220 2357 1373 2391 rerum
1389 2357 1662 2402 cognoscere
1684 2357 1855 2390 causas

8 2430 41 2479 343
132 2416 468 2478 (Empedoclesz
505 2415 656 2476 ὄλβιος,
688 2418 732 2465 ὃς
764 2417 892 2461 θείων
923 2417 1148 2473 πραπίδων
1170 2418 1372 2472 ἐκτήσατο
1392 2416 1600 2476 πλοῦτον)
1608 2431 1624 2471 ,·
1644 2430 1746 2462 cum
1765 2426 1855 2461 toto

132 2490 234 2536 loco
250 2489 405 2535 confer
422 2489 554 2535 Lucr.
574 2488 652 2533 Vl.
676 2488 802 2545 1-8‚
826 2489 1001 2534 laudem
1020 2489 1212 2548 Epicuri.
1244 2491 1429 2536 rebus:
1454 2490 1508 2535 cf.
1528 2504 1571 2536 v.
1597 2489 1678 2534 122
1695 2499 1737 2534 et
1760 2488 1854 2533 127.

192 2608 264 2654 96.
299 2609 432 2654 deus
468 2608 557 2653 ille
595 2619 667 2652 an
708 2591 959 2663 proxima
1000 2608 1157 2653 divos
1189 2614 1209 2662 Ι
1240 2621 1396 2655 mens
1426 2608 1551 2655 fuit:
1589 2608 1643 2654 cf,
1678 2608 1853 2652 Lucret.

136 2680 193 2726 V.
225 2679 255 2726 8
294 2681 412 2725 deus
453 2680 530 2725 ille
562 2678 679 2737 fuit,
718 2680 848 2733 deus,
892 2680 1060 2725 inclute
1102 2680 1292 2726 Memmi
1320 2686 1339 2734 s
1372 2681 1453 2737 qui
1486 2680 1701 2736 princeps
1732 2679 1857 2723 vitae

134 2752 364 2797 rationem
396 2752 597 2805 invenit,·
629 2751 765 2809 Verg.
802 2750 973 2810 Georg.
1008 2752 1083 2797 111.
1116 2752 1205 2797 315
1236 2752 1342 2808 quis
1374 2753 1501 2797 Deus
1522 2752 1654 2805 hanc,
1677 2751 1856 2803 Musae,

0 2826 43 2899 ’.ᾗ
136 2823 243 2880 quis
272 2823 408 2869 nobis
437 2823 619 2868 extudit
648 2826 795 2868 artem
806 2835 822 2877 ;
856 2822 952 2869 Cic.
987 2822 1119 2869 Tusc.
1155 2824 1186 2868 1.
1208 2823 1267 2868 25
1299 2835 1500 2869 omnes
1532 2822 1723 2879 magni
1759 2821 1857 2877 qui

135 2895 460 2951 praesidia
490 2898 702 2940 contra
724 2893 900 2952 feras
932 2895 1311 2940 invenerunt..

196 2966 446 3022 proxima
493 2966 649 3012 divos
689 2971 709 3019 Ι
740 2978 917 3012 mens:
964 2966 1017 3012 cf.
1051 2968 1185 3015 Caes,
1220 2967 1274 3012 B.
1311 2966 1371 3013 G.
1407 2966 1438 3011 1.
1471 2967 1542 3011 54.
1582 2966 1596 3009 1
1642 2964 1747 3010 Ubii
1778 2963 1858 3019 qui

137 3038 338 3092 proximi
398 3037 608 3083 Rhenum
657 3038 862 3083 incolunt
871 3051 887 3092 ;
934 3038 1074 3084 Plaut.
1117 3039 1305 3085 Poenul.
1361 3038 1475 3083 1120
1521 3037 1626 3094 quis
1668 3034 1857 3091 pultat?

142 3107 206 3154 Μ.
239 3110 320 3166 qui
344 3113 395 3182 te
424 3113 708 3165 proxumust.
