2210 3568
1183 248 1240 293 72

361 377 549 433 eandum
595 377 699 420 nihil
745 377 936 432 prodest.
1000 376 1052 421 V.
1086 378 1126 421 d.
1178 376 1345 423 Curcio
1387 379 1616 434 promittit
1661 379 1803 424 reddit
1847 381 2069 427 vocabulo
2108 427 2111 430 Α
2179 371 2186 391 ‘³

361 446 573 500 ‚‚vanta'’‚
615 448 742 492 nullis
771 448 877 491 locis
908 446 1192 502 παραλλήλοις
1223 449 1389 493 additis
1425 450 1727 494 Promittendi
1760 452 1948 495 verbum
1979 451 2066 497 hoc

362 518 460 563 loco
505 539 563 554 =
604 517 832 574 profiteri;
877 518 929 562 cf.
980 518 1113 576 Verg.
1161 519 1272 564 Aen.
1322 520 1396 565 lv.
1441 520 1527 565 487
1558 521 1670 565 haec
1698 532 1751 565 se
1784 521 2071 566 carminibus

358 589 584 644 promittit
611 589 787 633 solvere
818 593 1017 643 mentes,·
1048 589 1224 635 Petron.
1260 590 1351 635 Sat.
1390 590 1428 636 C
1469 591 1521 635 10
1550 595 1596 635 et
1625 594 1676 635 tu
1707 591 1869 636 literas
1889 592 1998 645 scis,
2020 594 2066 637 et

363 671 459 714 ego,
506 670 563 703 ne
602 660 869 714 quaestibus
913 661 1007 723 tuis
1053 661 1240 714 obstem,
1281 662 1458 717 aliquid
1503 663 1633 706 aliud
1663 663 1931 718 promittam
1941 675 1960 716 ;
1991 664 2066 720 qui

365 729 642 786 professores
686 739 785 774 sunt
832 732 1002 786 artium,
1045 732 1309 786 promittere
1363 734 1587 788 dicuntur;
1630 735 1805 790 saepius
1835 733 2072 779 adhibetur

365 802 552 844 verbum
597 801 652 845 de
698 803 1001 859 arrogantibus
1053 803 1140 846 ludi
1188 805 1409 861 magistris
1456 805 1605 848 aliisve
1651 805 1900 849 hominibus
1951 804 2068 850 fastu
2195 823 2210 861 (Ι

365 873 642 922 tumentibus,
697 871 757 916 Ut
797 874 925 930 igitur
963 874 1147 917 dicimus
1185 886 1238 917 se
1271 878 1450 929 patrem
1497 874 1697 931 infantis
1734 874 1956 932 profiteri,
2003 876 2066 920 sie

366 951 518 986 nostro
560 943 659 987 loco
691 941 848 999 Sparta
879 953 920 987 et
955 942 1091 988 Creta
1124 954 1394 1002 metagontes
1425 958 1530 989 suos
1562 945 1828 1002 profitentur
1851 946 2071 991 alumnos.
2196 970 2205 982 .-

425 1013 611 1069 vulgo.
630 1048 639 1058 .
659 1047 669 1057 .
709 1013 1002 1068 promittit:
1036 1034 1091 1051 =
1126 1016 1259 1071 vulgo
1291 1015 1445 1059 dicitur
1476 1015 1684 1072 profiteri.
2192 975 2210 1079 ξ

428 1082 579 1128 Canes
625 1085 1017 1129 Lacedaemonius
1063 1095 1105 1130 et
1149 1085 1380 1130 Cretensis
1420 1088 1505 1130 iam
1562 1085 2073 1143 Pseudo-Xenophontis
2200 1082 2210 1148 ξ

367 1164 505 1200 aetate
535 1157 627 1200 noti
652 1165 797 1200 erant:
824 1155 998 1213 Cyneg.
1023 1157 1090 1202 lO.
1115 1157 1128 1199 l
1166 1158 1268 1210 πρὸς
1300 1156 1342 1198 δὲ
1373 1159 1445 1198 τὸν
1476 1151 1527 1198 ὗν
1559 1159 1632 1198 τὸν
1664 1160 1812 1211 ἄγριον
1845 1161 2068 1211 κεκτῆσθαι
2192 1149 2210 1319 J

367 1225 495 1273 κύνας
526 1226 723 1278 Ἰνδικάς,
756 1229 983 1282 Κρητικάς,
1015 1226 1243 1280 Λοκρίδας,
1276 1228 1501 1275 Λακαίνας
1534 1226 1623 1273 κτλ.
1655 1227 1762 1272 Sen.
1797 1227 1988 1272 phaedr.
2011 1226 2070 1271 34

326 1290 329 1293 ’
367 1299 412 1340 et
437 1308 671 1352 pugnaces
701 1298 893 1341 tendant
926 1297 1080 1341 Cretes
1111 1304 1124 1348 Ι
1146 1297 1297 1353 fortia
1328 1298 1436 1342 trito
1465 1298 1648 1342 vincula
1665 1298 1797 1342 collo.
1819 1301 1839 1353 s
1859 1301 1910 1342 at
1936 1297 2072 1354 Spar.

367 1371 503 1411 tanos
518 1371 538 1423 l
553 1368 718 1424 (genus
747 1372 818 1412 est
847 1369 1004 1412 audax
1033 1369 1308 1424 avidumque
1321 1367 1479 1426 ferae)
1494 1372 1514 1423 J
1529 1369 1650 1413 nodo
1670 1372 1834 1413 cautus
1855 1368 2074 1424 propiore

369 1438 474 1494 liga.
540 1437 731 1496 Oppian.
780 1439 834 1483 de
868 1439 1021 1483 Venat.
1057 1439 1072 1482 1
1106 1439 1205 1483 372.
1254 1439 1460 1492 Ἀρκάδες,
1506 1439 1690 1494 Ἀργεῖοι,
1737 1439 2067 1494 Λακεδαιμόνιοι

374 1512 586 1565 Τεγεῆται,
606 1509 636 1553 Ι.
669 1510 756 1553 395
787 1509 992 1563 Ἀρκάδαςι
1023 1508 1207 1557 Ἠλείοις
1239 1511 1458 1562 ἐπιμίσγεο,
1495 1511 1653 1552 Παίοσι
1684 1513 1862 1564 Κρῆτας
1906 1509 2077 1555 Neme-

369 1581 475 1624 sian.
512 1579 686 1638 Cyneg.
726 1580 806 1624 123
836 1581 919 1624 sed
951 1593 1043 1626 non
1074 1579 1330 1635 Spartanos
1346 1584 1539 1634 tantum,
1555 1584 1791 1626 tantumve
1807 1574 2071 1634 Molossos!

367 1651 651 1706 pascendum
681 1652 871 1696 catulos.

994 1805 1134 1848 Laus
1160 1792 1461 1860 Hagnonis.

429 1934 518 1978 213
546 1947 641 1991 sqq.
689 1934 939 1979 Boeotius
986 1933 1216 1990 Hagnon
1262 1935 1432 1991 primus
1476 1926 1588 1989 fuit.
1611 1935 1687 1990 qui
1728 1944 1838 1978 cane
1878 1942 2078 1979 uteretur

372 2005 614 2059 inductore‚
660 2015 705 2050 ut
751 2006 848 2050 loro
895 2005 1043 2050 collari
1091 2015 1235 2062 aptato
1282 2014 1539 2061 sequentem
1585 2016 1634 2048 se
1680 2015 1761 2060 per
1806 2004 1988 2060 vestigia
2019 2004 2080 2048 ad.

373 2076 566 2120 ferarum
608 2077 762 2120 cubilia
794 2077 985 2120 duceret.
1024 2075 1181 2130 „Forte
1214 2076 1298 2137 huc
1329 2076 1471 2128 sacit”‚
1503 2076 1640 2131 inquit
1673 2074 1893 2129 Barthius‚
1930 2075 2074 2131 ¹‚quod

375 2147 491 2203 apud
524 2147 743 2202 Joannem
783 2146 1161 2191 salesburiensem
1204 2147 1288 2203 legi
1326 2145 1561 2191 Thebanos
1592 2147 1761 2202 primos
1793 2146 2075 2191 venationem.

375 2230 608 2275 aggressos
638 2218 780 2272 esse”,
814 2217 1116 2274 Polycraticus
1153 2217 1182 2261 1.
1217 2217 1256 2260 4.

433 2289 627 2332 lorum:
660 2288 711 2332 cf.
747 2288 856 2331 Plin.
893 2287 947 2332 N.
986 2288 1044 2332 H.
1079 2288 1198 2332 VIII.
1237 2287 1317 2332 147
1348 2291 1577 2333 scrutatur
1607 2287 1806 2343 vestigia
1822 2289 1961 2342 atque
1971 2297 2073 2342 per-

375 2359 593 2414 sequitur,
624 2359 914 2403 comitantem
945 2358 1171 2414 adferam
1189 2359 1504 2414 inquisitorem
1525 2360 1652 2403 loro
1672 2358 1886 2411 trahens;
1917 2356 2071 2402 Senec.

377 2429 558 2487 Thyest.
582 2430 667 2474 497
697 2430 779 2482 sic,
810 2441 911 2473 cum
933 2429 1070 2486 feras
1098 2430 1295 2485 vestigat
1324 2434 1370 2474 et
1389 2431 1523 2486 longo
1542 2441 1690 2485 sagax
1709 2431 1729 2484 l
1749 2430 1876 2473 loro
1895 2431 2078 2473 tenetur

384 2502 547 2547 Umber
559 2513 574 2554 ;
605 2500 658 2544 cf.
690 2501 863 2557 imagin.
903 2500 936 2544 1.
971 2513 1012 2556 p.
1045 2499 1117 2543 24.

437 2641 537 2686 214.
572 2641 868 2698 Glympice:
899 2642 952 2686 cf.
986 2642 1143 2699 Polyb.
1163 2642 1218 2687 V.
1250 2642 1309 2686 20
1332 2640 1547 2695 Γλυμπεῖς
1577 2641 1738 2697 χωρίον,
1769 2642 1790 2681 ὃ
1821 2648 1950 2682 κεῖται
1979 2641 2072 2693 περὶ

381 2714 476 2762 τούς
508 2715 626 2768 ὅρους
655 2721 727 2767 τῆς
757 2712 940 2765 Ἀργείας
972 2713 1041 2753 καὶ
1073 2716 1338 2766 Λακωνικῆς.

437 2787 491 2830 te
522 2785 676 2829 silvis
707 2784 839 2839 egit:
869 2784 913 2827 in
944 2783 1090 2827 silvas.

437 2927 538 2971 215.
571 2925 800 2981 Hagnon
819 2924 1118 2977 Astylides:
1144 2925 1238 2968 eius
1255 2925 1477 2969 venatoris
1501 2935 1717 2979 nusquam
1742 2923 1905 2967 mentio
1927 2921 1972 2966 fit
1991 2922 2075 2966 nisi

380 2998 463 3042 hic.
482 2997 842 3053 Patronymicum
874 2994 1105 3049 Astylides
1137 2995 1415 3039 referendum
1448 2994 1620 3038 videtur
1651 2994 1705 3038 ad
1733 2993 1956 3049 Astylum,
1977 3004 2078 3037 cen-

379 3078 565 3123 taurum,
596 3068 669 3124 qui
692 3067 819 3111 nobis
835 3078 892 3110 ex
927 3064 1078 3109 Ovidii
1111 3064 1540 3122 Metamorphosesin
1573 3074 1704 3109 notus
1736 3073 1815 3118 est,
1840 3063 1936 3108 XII.
1960 3061 2074 3107 307:

441 3140 601 3195 quique
629 3139 721 3183 suis
749 3137 910 3181 frustra
941 3136 1099 3181 bellum
1131 3136 1395 3181 dissuaserat
1424 3149 1563 3193 augur
1592 3141 1611 3189 s
1644 3136 1840 3191 Astyl08,
