2210 3568
1008 251 1087 310 ι-ιιΔ

188 379 434 438 Massylia,
447 379 588 442 dorso
618 383 639 435 s
669 391 754 424 ora
784 379 906 424 levi
934 380 1079 435 flectit
1109 379 1356 440 frenorum
1392 383 1552 428 nescia
1587 383 1769 444 virga,
1801 396 1902 446 cum

187 464 278 510 quo
323 451 424 498 loco
464 451 753 508 comparandi
794 460 895 496 sunt
938 452 1032 496 alii:
1071 451 1148 497 Sil.
1184 452 1272 498 Ital.
1307 453 1338 498 l.
1371 453 1460 499 215
1491 467 1587 512 sqq.
1621 454 1695 500 hic
1721 455 1904 512 passim

185 522 397 573 exultant
442 521 678 568 Numidae
720 533 838 578 gens
885 523 1035 567 inscia
1070 522 1205 580 freni
1233 530 1253 578 s
1284 525 1390 580 quis
1436 526 1558 570 inter
1580 526 1795 582 geminas
1820 538 1908 582 per

185 593 362 659 ludum?
380 593 573 639 mobilis
614 604 755 637 aures
784 598 805 647 s
837 594 1187 650 quadrupedum
1218 595 1370 651 flectit
1409 608 1503 641 non
1539 597 1707 642 cedens
1737 597 1906 654 virga

184 664 384 721 Ζιιραίἰες
437 663 569 710 Curt.
616 663 719 709 Ruf.
768 663 868 709 Vll.
914 664 954 709 4.
1004 664 1064 709 48
1109 665 1281 710 nobilis
1326 678 1473 722 equus
1519 668 1681 713 umbra
1727 680 1906 726 quoque

185 735 394 794 virgae
440 735 635 792 regitur;
686 733 921 780 Claudian.
968 735 1061 781 Stil.
1088 735 1145 780 xl.
1188 736 1278 781 258
1319 737 1369 781 hi
1408 738 1580 796 vzjrga
1610 738 1909 785 moderantur

185 818 354 864 equos;
400 805 648 852 Herodian.
682 806 781 851 Vll.
814 806 857 851 9.
898 806 950 851 13
980 806 1055 865 (de
1092 806 1390 866 Nomadibus)
1422 807 1601 864 χαλινῶν
1633 809 1733 854 ἄνευ
1763 795 1905 868 ῥάβδῷ

185 878 290 936 μόνῃ
327 881 401 923 τὸν
438 877 588 934 δρόμον
627 885 711 922 τῶν
747 878 894 922 ἵππων
927 879 1143 933 κυβερνᾶν.
1179 878 1351 923 Versus
1381 880 1512 936 igitur
1543 892 1643 924 cum
1676 880 1812 925 Vlitio
1841 882 1904 925 Sic

186 951 464 1005 restituatur:
495 952 547 994 at
577 952 676 994 tota
706 949 799 994 levi
832 949 1148 1000 Ναεαηκοηίἴι
1179 950 1335 1006 virga>
1364 955 1384 1004 Ι
1406 950 1551 1008 fingit
1579 963 1734 1008 equos.

249 1019 452 1067 Grattius
499 1021 830 1066 Nasamonibus
876 1022 1038 1077 tribuit,
1086 1023 1206 1080 quod
1245 1022 1315 1067 alii
1365 1021 1584 1078 Numidis,
1616 1023 1696 1068 sed
1727 1024 1906 1068 nomina

187 1095 369 1153 propria
415 1093 501 1139 hoc
541 1093 641 1138 loco
687 1105 778 1138 non
820 1094 1019 1151 urgenda
1069 1103 1190 1149 sunt;
1238 1106 1505 1151 quamquam
1552 1093 1834 1139 Nasamones
1864 1103 1906 1139 et

189 1164 413 1211 Numidae
457 1167 502 1210 in
549 1165 740 1210 diversis
787 1164 965 1210 Africae
1011 1166 1368 1223 septentrionalis
1413 1166 1505 1210 oris
1535 1165 1742 1220 habitant,
1776 1175 1905 1223 poeta

189 1235 419 1281 Romanus
450 1237 494 1280 in
526 1238 786 1281 universum
819 1237 874 1281 de
906 1246 1037 1294 gente
1071 1236 1239 1294 Libyca
1270 1238 1442 1294 cogitat.

225 1305 389 1367 ⁴Quod
434 1309 565 1366 igitur
597 1308 652 1352 de
688 1307 895 1352 Numidis
928 1320 1064 1352 versu
1096 1309 1297 1364 sequenti
1329 1316 1491 1362 narrat,
1522 1307 1753 1353 confirmat
1784 1319 1908 1365 prae-

186 1379 402 1439 cedentia.
461 1378 534 1424 Sic
566 1380 746 1424 demum
785 1391 965 1424 versum
1001 1379 1090 1423 518
1121 1379 1413 1436 intelligimus,
1445 1379 1654 1436 quidnam
1687 1379 1906 1424 vocabulo

189 1450 308 1508 ipsis
339 1444 564 1509 iaciamus
610 1463 713 1496 cum
760 1452 876 1508 equi,
925 1452 999 1507 qui
1048 1452 1172 1508 virga
1220 1460 1448 1508 reguntur,
1495 1459 1538 1495 et
1585 1452 1692 1508 ipsis
1730 1459 1906 1506 careant

189 1523 404 1580 capistris.

247 1676 350 1721 518.
382 1675 518 1732 ipsis
540 1676 803 1722 Numidae
827 1678 1028 1722 solvet.
1049 1713 1057 1720 .
1078 1689 1117 1722 .:
1153 1676 1410 1722 Vollmerus
1436 1677 1598 1732 lupata
1617 1677 1687 1721 vel
1704 1677 1909 1732 capistra

188 1747 486 1806 supplendum
533 1761 634 1793 esse
680 1758 854 1805 censet;
902 1759 1006 1794 tunc
1054 1749 1172 1805 ipsis
1204 1749 1581 1806 interpretandum
1614 1748 1732 1804 ipsis
1762 1748 1908 1803 equis,

189 1820 310 1878 quod
357 1830 458 1877 post
493 1831 637 1876 equos
676 1820 852 1865 defendi
894 1821 1013 1865 nullo
1057 1821 1192 1865 modo
1231 1830 1389 1878 potest.
1425 1819 1576 1875 Quam
1609 1820 1667 1864 ob
1698 1831 1793 1864 rem
1823 1830 1908 1876 ego

189 1891 339 1949 legere
385 1892 541 1939 velim:
591 1893 696 1949 ipsis
747 1891 969 1937 Numidae
1016 1892 1194 1937 solvere
1240 1891 1460 1948 capistris
1495 1892 1585 1947 (vel
1617 1890 1815 1948 lupatis)
1844 1902 1906 1941 sc.

188 1974 331 2020 equos
361 1974 483 2008 suos,

195 2134 198 2137 ’
250 2129 352 2174 519.
386 2129 569 2174 audax
608 2131 662 2174 et
699 2130 915 2185 patiens
956 2142 1179 2185 operum
1217 2138 1459 2186 g<enus>:
1491 2130 1709 2187 appositio
1743 2130 1910 2174 nomini

191 2200 427 2246 Numidae
471 2201 628 2246 addita.
680 2201 785 2246 Non
833 2202 947 2246 male
995 2214 1175 2246 versum
1221 2201 1371 2258 explet
1403 2200 1585 2246 Aldina:
1619 2200 1697 2245 ille
1726 2200 1909 2256 vigebit.

193 2270 448 2317 Vollmerus
494 2281 648 2316 contra
695 2285 720 2316 a
768 2273 996 2318 vocabulis
1042 2273 1201 2317 audax
1240 2285 1334 2329 eqs.
1366 2285 1532 2316 novam
1565 2282 1685 2329 putat
1715 2274 1910 2329 incipere

191 2345 469 2399 sententiam,
500 2345 544 2388 in
576 2356 663 2401 qua
695 2356 865 2389 novum
896 2356 1115 2401 equorum
1147 2356 1288 2401 genus
1319 2345 1585 2398 nominatur,
1618 2345 1742 2388 cuius
1769 2345 1909 2400 prima

192 2415 332 2460 littera
359 2427 405 2471 g,
437 2414 491 2460 cf.
524 2425 670 2460 tamen
706 2428 771 2460 vs.
809 2415 890 2460 521
929 2428 1031 2460 cum
1065 2415 1232 2460 Aelian.
1268 2417 1430 2460 verbis.

253 2581 357 2627 520.
429 2583 670 2627 centum:
737 2582 1035 2641 ὑπερβολικῶς,
1108 2583 1162 2627 cf.
1238 2592 1435 2627 nostram
1503 2583 1558 2626 ad
1621 2595 1799 2627 versum
1860 2581 1909 2625 17

194 2654 537 2700 adnotationem.
1558 2653 1564 2657 ’

254 2726 575 2771 eluctabitur
630 2726 794 2770 iram:
863 2726 1002 2784 „Equi
1049 2728 1091 2771 in
1141 2727 1453 2771 certaminibus
1498 2725 1726 2783 (spatiis)”,
1773 2726 1910 2782 inquit

197 2797 498 2853 BurmannuS,
561 2797 811 2856 „finguntur
866 2811 1045 2855 semper
1101 2811 1311 2856 magnum
1357 2799 1540 2854 spirare,
1587 2807 1629 2842 et
1676 2806 1908 2853 antequam

195 2869 466 2925 emittuntur,
499 2870 680 2915 naribus
712 2871 858 2926 ignem
892 2869 1043 2914 efflare
1074 2882 1116 2915 et
1148 2870 1317 2915 similia.
1355 2868 1481 2914 Haec
1513 2879 1578 2914 est
1605 2869 1674 2913 illa
1696 2870 1759 2912 ira
1777 2880 1908 2924 quam

195 2940 440 2986 eluctantur
484 2941 644 2986 deinde
685 2941 922 2996 currendo,
962 2954 1043 2987 nec
1085 2951 1229 2986 tamen
1269 2941 1474 2987 deficiunt
1511 2949 1573 2984 tot
1604 2942 1685 2984 acti
1716 2940 1909 2995 spatiis,”

196 3011 251 3057 cf.
285 3011 392 3058 Stat.
427 3012 583 3058 Achill.
615 3012 716 3056 524.

465 3097 654 3141 tandem
677 3094 820 3152 fessa
852 3099 1052 3140 tremens
1084 3096 1238 3152 longis
1270 3095 1520 3151 mugitibus
1551 3106 1632 3139 ora

468 3168 611 3213 solvit
641 3171 687 3212 et
718 3167 982 3223 oppositam
1012 3180 1103 3213 vox
1134 3169 1334 3212 eluctata
1357 3166 1581 3223 furorem.
