2210 3568
932 220 984 264 61

23 380 29 422 5
51 374 54 378 ’
165 351 365 399 blando
408 351 645 398 foedere:
695 363 788 398 vox
819 350 1018 396 blandus
1048 364 1108 396 ex
1138 352 1406 397 carminibus
1436 351 1660 397 amatoriis
1690 353 1821 398 notis-

10 447 20 491 l:
107 425 234 481 sima,
264 423 320 470 cf.
356 422 494 470 Ovid.
528 423 559 468 1.
600 424 664 469 15.
704 422 757 468 18
787 422 959 468 blanda
990 423 1216 468 meretrix.

171 566 268 613 164.
329 566 651 612 mansuetis,
671 599 682 611 .
701 598 713 611 .
767 565 824 609 in
873 564 1123 610 stabulis:
1156 575 1486 618 mansuetarum
1524 566 1746 623 pecudum
1777 567 1821 611 in

14 635 26 679 J
105 638 302 686 stabulis.

27 729 29 732 ·
165 711 314 756 tuto:
345 722 371 755 a
401 709 653 768 pastoribus
682 708 774 755 non*
804 708 1030 766 depulsus.

16 814 23 835 ,
165 780 310 835 ierus
355 781 587 826 adulter:
632 781 770 839 tigris,
817 780 871 825 cf.
923 778 1157 826 Claudian.
1189 780 1245 825 de
1292 780 1448 837 pard0,
1494 779 1680 826 Consol.
1714 780 1819 826 Mal.

24 870 25 874 ¹
106 851 197 898 304
226 852 420 898 leaenae
449 855 470 908 l
500 851 771 897 nobiliorem
803 854 983 896 uterum
1014 851 1183 896 viridis
1214 851 1414 907 corrupit
1442 852 1637 897 adulter.

172 994 269 1040 165.
329 1005 576 1052 gravem:
623 994 835 1050 ferocem,
883 995 938 1039 cf.
989 994 1148 1040 Avian.
1199 993 1302 1039 Fab.
1351 993 1410 1039 40
1439 995 1524 1039 sed
1555 994 1666 1051 quia
1695 994 1824 1040 nulla

15 1079 22 1099 ··
103 1077 321 1123 graves
348 1066 585 1112 variarent
616 1069 746 1123 terga
775 1066 947 1111 leones.

19 1171 21 1174 .
166 1138 472 1184 succedere:
503 1150 540 1182 c.
572 1150 661 1193 acc.
695 1137 749 1183 cf.
785 1137 881 1183 Liv.
920 1137 1080 1182 XXXI.
1114 1138 1184 1182 45.
1218 1138 1246 1182 5
1280 1137 1478 1184 militum
1500 1141 1598 1201 tam
1615 1140 1825 1195 prompte

12 1224 22 1251 a
107 1209 451 1256 succedentium
481 1220 650 1255 muros.

168 1281 340 1328 Nostro
384 1281 486 1327 loco
530 1281 807 1326 succedendi
839 1282 1027 1326 verbum
1064 1282 1448 1339 „appropinquare
1478 1283 1621 1328 coitus
1661 1284 1823 1328 causer·

12 1354 19 1376 *²
107 1352 334 1411 significat.

175 1494 271 1541 166.
332 1495 558 1541 maiore:
588 1496 816 1541 nobiliore.

174 1636 270 1684 167.
331 1639 428 1685 sed
474 1650 733 1695 praeceps
780 1639 976 1684 virtus:
1023 1640 1103 1684 sed
1152 1641 1292 1685 virtus
1336 1640 1608 1690 <catulorum
1649 1651 1709 1684 ex
1739 1639 1824 1684 hoc

19 1713 23 1741 ³
108 1709 291 1756 foedere
320 1718 552 1760 natorum>
582 1711 862 1768 praefervida
893 1721 973 1766 est,
1006 1711 1060 1756 cf.
1097 1710 1234 1757 Ovid.
1272 1710 1466 1757 Halieut.
1501 1711 1558 1756 75
1577 1710 1688 1767 quid
1719 1710 1825 1754 laus

14 1811 18 1846 5
106 1781 260 1838 prima
289 1782 494 1827 canum?
524 1783 691 1839 quibus
720 1786 793 1828 est
822 1783 1025 1827 audacia
1051 1794 1361 1839 praeceps.

9 1845 24 1898 s
169 1853 320 1900 aula.
365 1854 490 1899 locus
536 1856 897 1913 circumsaeptus,
946 1856 1019 1900 ubi
1061 1868 1193 1900 canes
1224 1868 1330 1900 suas
1363 1855 1523 1899 habent
1556 1855 1824 1908 mansiones,

9 1917 15 1930 ”
109 1924 164 1971 cf.
210 1924 369 1971 Horat.
416 1927 541 1984 epist.
593 1926 624 1971 1.
657 1927 699 1972 2.
732 1927 791 1971 65
822 1927 1066 1971 venaticus
1095 1938 1153 1971 ex
1184 1938 1275 1983 quo
1305 1931 1324 1981 s
1356 1929 1559 1982 tempore
1591 1925 1825 1970 cervinam

7 1987 27 2010 ‘³
105 1996 274 2053 pellem
318 1997 508 2042 latravit
555 1998 604 2043 in
633 1999 746 2043 aula
775 2005 795 2052 s
827 1999 998 2043 militat
1045 1998 1094 2043 in
1139 1998 1274 2043 silvis
1305 1998 1514 2049 catulus:
1551 1996 1738 2043 Servius
1770 1997 1825 2041 ad

112 2067 250 2126 Verg.
297 2067 410 2127 Aen.
461 2060 534 2115 IX.
568 2070 628 2115 50
661 2069 827 2116 Graeci
857 2069 992 2119 αὐλάς
1022 2073 1190 2115 vocant
1218 2070 1497 2115 animalium
1537 2069 1825 2125 receptacula

4 2150 21 2190 ,ἐ
110 2140 234 2185 unde
267 2139 316 2186 in
345 2141 496 2186 sacris
525 2141 723 2203 aedibus
752 2145 798 2187 et
829 2142 1137 2187 tribunalibus
1165 2145 1333 2198 saepta
1364 2153 1484 2198 quae
1524 2140 1684 2186 turbas
1725 2151 1827 2196 pro-

1 2230 26 2267 ,ς
110 2210 268 2275 hibent
297 2212 462 2257 caulas
490 2224 725 2258 vocamus.

4 2400 17 2411 „
176 2353 272 2399 169.
334 2367 781 2412 quaecumque...
820 2356 923 2401 sibi
952 2356 1180 2401 crimina
1194 2355 1341 2402 fecit:
1359 2356 1548 2414 culpam,
1565 2368 1705 2417 quam*
1715 2356 1758 2400 in
1776 2367 1825 2399 se

109 2426 304 2491 admisit;
335 2427 389 2472 cf.
423 2427 560 2486 Prop.
594 2427 671 2473 IV.
704 2428 745 2473 4.
779 2427 837 2473 43
867 2427 1077 2487 (Hosius)
1107 2431 1330 2485 quantum
1359 2440 1444 2485 ego
1473 2439 1579 2472 sum
1602 2426 1826 2472 Ausoniis

7 2497 35 2559 ξ’
109 2497 282 2544 crimen
316 2497 511 2556 factura
551 2499 724 2556 puellis
754 2520 813 2538 =
844 2510 1117 2558 quantopere
1157 2500 1301 2565 Famae
1333 2500 1578 2557 puellarum
1613 2498 1827 2544 Ausonia-

14 2615 32 2619 ,
111 2581 212 2615 rum
241 2571 429 2617 nocebo.

178 2711 272 2758 170.
324 2714 578 2760 excutiett
620 2728 807 2772 prorsus
847 2715 1020 2772 delebit,
1053 2716 1251 2777 liberabit
1281 2729 1330 2761 se
1361 2715 1431 2774 (iis
1462 2714 1737 2771 criminibus)
1768 2713 1821 2757 cf.

114 2781 206 2830 Ov.
252 2784 359 2830 Met.
383 2785 421 2831 X
454 2786 544 2831 426
575 2787 808 2843 multaque
830 2790 881 2832 ut
910 2790 1216 2832 excuteret
1246 2787 1374 2832 diros
1399 2787 1443 2831 si
1461 2789 1622 2843 posset
1642 2796 1824 2830 amores
1913 2851 1917 2855 .

110 2859 130 2910 s
160 2856 368 2911 addidit;
401 2856 498 2904 Cic.
531 2871 615 2916 pro
646 2859 766 2904 dom.
797 2858 857 2903 28
889 2859 970 2904 illa
1000 2859 1259 2916 calamitas,
1291 2859 1336 2903 si
1353 2859 1419 2903 ita
1439 2862 1511 2902 est
1531 2856 1822 2913 appellanda,

6 2931 32 2990 13?
112 2929 384 2984 excussit
413 2929 499 2975 hoc
524 2941 675 2986 genus
705 2933 852 2975 totum
884 2930 1130 2976 maledicti.
1175 2973 1180 2983 ,

31 3013 37 3020 ’
170 3011 433 3058 magnus:
465 3001 519 3047 cf.
553 3015 666 3060 quae
698 3002 753 3046 ad
788 3015 852 3048 νε.
893 3003 974 3048 155
1005 3003 1328 3048 adnotavimus.

177 3141 271 3188 171.
311 3143 404 3189 172.
439 3143 660 3190 Umber:
692 3144 746 3189 cf.
783 3143 842 3190 Ο.
879 3144 1042 3200 Keller,
1076 3145 1147 3190 die
1178 3145 1326 3190 antike
1359 3142 1565 3188 Tierwelt
1591 3142 1621 3187 1.
1646 3155 1687 3200 p.
1717 3141 1821 3187 124:

3 3175 19 3205 A

10 3284 33 3310 A

24 3395 34 3447 ἶ
