2210 3568
870 278 891 291 Χ
994 270 1074 315 135

242 401 517 449 nemorale
548 399 776 446 Dianae:
807 401 923 446 idem
957 413 1116 446 versus
1146 400 1244 446 finis
1275 401 1391 459 apud
1425 401 1563 447 Ovid.
1592 401 1889 460 Metamorph.

176 473 304 520 xlv.
334 472 438 518 331.
469 472 711 529 Scythicae
739 476 957 529 stagnum
988 473 1284 517 nemorale
1316 473 1559 518 Dianae.

248 544 590 602 aptatasque
630 543 803 589 faces:
852 554 899 589 ut
933 555 976 589 et
1007 556 1065 588 ex
1097 542 1218 588 Statii
1249 545 1348 589 loco
1379 545 1555 590 laudato
1585 554 1627 590 et
1660 544 1891 590 Fastorum

179 617 393 670 versibus,
426 628 563 674 supra
602 616 836 672 exscriptis
878 624 1074 672 apparet,
1106 615 1160 659 ad
1193 616 1301 660 ritus
1331 618 1444 660 sacri
1476 617 1643 661 Aricini
1675 617 1893 674 pertinent

164 686 313 747 faces
350 689 394 732 in
416 687 580 733 ‘lucum
611 687 722 732 deae
753 687 922 731 delatae
953 698 1042 731 non
1073 686 1218 731 solum
1251 700 1276 731 a
1306 687 1622 743 sacerdotibus,
1653 687 1733 732 sed
1763 689 1894 733 etiam

185 773 210 806 a
244 759 424 818 populo.
458 757 676 815 spicatae
706 765 939 813 vocantur,
970 759 1071 815 quia
1102 759 1146 802 in
1177 758 1336 814 spicae
1365 758 1555 803 formam
1586 760 1748 804 incisae
1778 768 1893 803 sunt.

239 861 364 936 485..
406 889 571 935 solito
616 889 779 934 catuli
825 889 1079 934 velantur
1122 888 1349 935 honore:
1395 888 1450 936 cf,
1492 890 1518 934 1.
1567 890 1593 933 1.
1627 888 1750 937 Statii
1791 889 1896 945 ipsa

176 965 372 1008 coronat
401 966 421 1016 l
453 961 671 1006 emeritos
712 961 868 1006 Diana
908 972 1070 1012 canes;
1100 959 1276 1004 Arrian.
1320 959 1498 1018 Cyneg.
1545 961 1603 1004 34
1645 959 1821 1004 Κελτῶν
1853 960 1895 1002 δὲ

189 1033 300 1078 ἔστιν
341 1031 400 1082 οἷς
442 1034 564 1087 νόμος
607 1036 677 1075 καὶ
718 1033 907 1076 ἐνιαύσια
948 1032 1071 1075 θύειν
1106 1037 1158 1086 τῇ
1188 1032 1406 1086 Ἀρτέμιδι,
1437 1035 1477 1074 οἳ
1506 1032 1548 1074 δὲ
1581 1034 1650 1073 καὶ
1681 1034 1897 1087 θησαυρὸν

175 1094 536 1154 ἱᾰποδεικνύουσὶιν
568 1113 621 1160 τῇ
651 1109 742 1162 θεῷ
775 1137 784 1145 .
804 1137 813 1146 .
832 1135 841 1145 .
860 1136 870 1145 .
903 1104 1114 1152 θύσαντες
1146 1103 1188 1145 δὲ
1221 1106 1290 1144 καὶ
1322 1111 1406 1146 τῶν
1438 1103 1589 1159 ἱερείων
1610 1103 1898 1158 ἀπαρξάμενοι

181 1187 236 1234 τῇ
269 1177 503 1234 Ἀγροτέρᾳ,
544 1177 600 1224 ὡς
631 1177 817 1224 ἑκάστοις
853 1176 988 1229 νόμος,
1030 1176 1299 1231 εὐωχοῦνται,
1341 1175 1464 1216 αὐτοί
1505 1191 1547 1216 τε
1580 1177 1649 1216 καὶ
1691 1176 1736 1216 αἱ
1766 1175 1894 1223 κύνες.

182 1252 280 1298 ,τὰς
321 1249 489 1296 κύνας
531 1247 583 1290 δὲ
628 1250 720 1290 καὶ
765 1254 1135 1300 στεφανοῦσιν
1177 1248 1219 1290 ἐν
1258 1246 1354 1302 τῇδε
1396 1254 1448 1301 τῇ
1487 1246 1628 1303 ἡμέρᾳ.

244 1315 347 1366 486.
414 1319 649 1375 ipsaque
705 1330 802 1373 per
855 1318 1015 1363 flores
1070 1317 1247 1362 medio
1294 1318 1362 1361 in-
1395 1316 1701 1362 discrimine
1746 1316 1899 1370 luci}

181 1393 434 1437 stravere
494 1402 668 1435 arma:
730 1392 773 1435 in
832 1391 978 1435 medio
1049 1390 1288 1444 „nemore”
1342 1398 1578 1435 venatores
1629 1390 1723 1447 ipsa
1775 1401 1898 1433 arma

185 1464 411 1509 venatoria
442 1463 564 1507 humi
601 1472 771 1520 ponunt
801 1464 914 1506 inter
946 1461 1079 1506 flores
1109 1474 1222 1518 quos
1254 1470 1525 1518 sparserunt.

242 1593 344 1639 487.
405 1605 567 1638 arma
618 1593 789 1638 sacris
835 1595 890 1639 et
936 1605 1068 1649 pace
1116 1592 1373 1636 vacantia
1416 1591 1580 1637 festa:
1623 1604 1745 1636 arma
1787 1603 1900 1648 quae

184 1674 371 1723 propter
401 1677 584 1711 sacrum
615 1665 822 1723 diemque
852 1665 1012 1710 festum
1044 1677 1134 1710 non
1166 1666 1252 1708 iam
1283 1665 1326 1707 in
1359 1676 1443 1708 usu
1473 1673 1588 1707 sunt.

244 1795 346 1841 488.
383 1795 567 1848 viridi.
587 1830 598 1840 .
617 1829 627 1839 .
667 1794 884 1841 feretro:
916 1808 974 1840 ex
1005 1796 1139 1840 ramis
1171 1794 1385 1839 viridibus
1416 1793 1544 1838 facto.

244 1866 536 1912 fumantia:
569 1879 726 1912 recens
756 1876 894 1912 cocta.

244 1940 378 1985 liba:
407 1938 463 1984 cf.
497 1937 660 1984 Caton.
694 1937 842 1995 Agric.
874 1939 946 1983 75.

244 2062 346 2116 48‘9.
407 2069 790 2125 praeveniunt:
824 2067 1147 2126 praeferuntur.

248 2201 350 2246 492.
412 2212 586 2245 anno:
619 2220 675 2238 =
708 2201 810 2245 anni
858 2209 1117 2257 proventus,
1164 2199 1346 2248 fructus,
1379 2198 1434 2243 cf,
1467 2196 1605 2242 Tacit.
1641 2195 1800 2242 Germ.
1838 2196 1903 2240 14.

183 2284 326 2318 arare
355 2275 528 2317 terram
558 2275 642 2317 aut
672 2275 942 2328 exspectare
973 2283 1174 2323 annam,·
1207 2269 1367 2316 Claud.
1402 2269 1528 2327 Rapt.
1546 2268 1756 2326 Proserp.
1777 2267 1830 2313 11.
1848 2267 1905 2312 75

187 2344 410 2391 adsiduis
440 2343 625 2389 inroras
645 2343 845 2400 flatibus
875 2355 1062 2389 annam.

250 2416 533 2462 honorem:
568 2415 847 2470 sacrificium,
880 2414 935 2460 cf.
968 2428 1035 2460 vs.
1067 2415 1168 2459 458.

251 2547 354 2592 493.
385 2559 518 2604 ergo
548 2546 823 2602 inpetrato
854 2546 1147 2602 respondet
1178 2545 1350 2589 multa
1379 2543 1566 2588 favore
1595 2543 1706 2596 lad
1736 2541 1908 2597 partis

191 2630 302 2676 qua
343 2618 522 2675 poscis
569 2630 751 2674 opem:
798 2617 881 2663 dea
926 2617 1054 2677 (haec
1101 2631 1193 2663 vox
1232 2630 1257 2662 e
1304 2616 1585 2674 praecedenti
1628 2626 1763 2659 versu
1804 2625 1907 2669 sup-

192 2691 352 2749 plenda
381 2690 466 2750 est)
498 2691 718 2737 honorem
750 2682 908 2735 nancta
940 2689 1074 2734 multa
1107 2689 1346 2747 respondet
1378 2689 1404 2732 i.
1422 2700 1461 2732 e.
1494 2687 1627 2731 multa
1643 2698 1692 2730 se
1708 2685 1908 2729 daturam

195 2764 406 2820 promittit
434 2763 488 2807 iis
519 2763 656 2808 rebus
687 2762 846 2819 quibus
878 2761 1088 2806 auxilium
1120 2773 1266 2818 rogas.

254 2834 450 2878 multa:
485 2834 692 2879 diversae
725 2834 926 2878 virorum
958 2832 1191 2877 doctorum
1223 2832 1455 2889 opiniones
1486 2830 1541 2873 de
1563 2829 1648 2873 hoc
1671 2826 1906 2872 vocabulo!

196 2904 464 2950 lohnsonius
494 2915 537 2950 et
579 2903 749 2950 Curcio
781 2904 927 2969 muita
958 2902 1170 2949 feminino
1186 2915 1350 2961 genere
1366 2902 1529 2946 dictum
1546 2908 1697 2957 putant
1712 2897 1909 2953 benigna

197 2977 549 3035 interpretantes,
591 2976 711 3033 quod
743 2975 860 3019 nulla
890 2987 940 3019 re
979 2974 1156 3020 defendi
1188 2975 1347 3032 possit;
1380 2972 1634 3016 Vollmerus
1665 2969 1809 3022 malta
1840 2969 1910 3012 hic

199 3049 354 3111 accipit
387 3060 469 3106 pro
503 3048 673 3092 mulcta
705 3067 761 3084 =
794 3047 923 3091 lenita
954 3045 1026 3104 (cf.
1057 3045 1278 3102 permulti
1311 3042 1428 3088 Geli.
1464 3042 1494 3086 1.
1535 3043 1598 3085 ll.
1621 3040 1663 3095 2,
1680 3039 1911 3084 demultus

198 3118 275 3164 111.
327 3119 393 3163 13.
435 3119 505 3177 5);
553 3119 690 3163 multo
722 3117 1140 3175 tamensimplicius
1171 3127 1356 3172 meaque
1388 3114 1596 3171 opinione
1628 3124 1735 3157 vere
1767 3111 1912 3156 malta

197 3183 386 3250 hicspro
418 3200 578 3235 neutro
611 3189 766 3247 plurali
798 3189 976 3243 habeas,
1008 3198 1055 3233 ut
1086 3200 1225 3245 supra
1258 3187 1352 3232 feci.
1418 3184 1577 3241 Neque
1608 3185 1737 3241 igitur
1768 3183 1910 3240 probo
