2210 3568
1218 228 1278 273 92

460 357 560 402 311.
621 356 761 402 tollit
807 357 864 400 ni
894 357 1054 402 ratio:
1086 359 1148 403 sic
1179 359 1343 416 optime
1378 355 1818 417 Graevius‹(Syllog.
1852 359 1986 418 Epist.
2018 359 2100 424 lv,

402 442 443 485 p.
475 428 581 487 244)
609 429 781 485 scripsit
812 440 895 485 pro
926 428 1044 473 tollit
1073 440 1126 473 se
1156 430 1288 485 ratio,
1323 429 1441 486 quod
1472 438 1538 473 est
1569 430 1612 473 in
1646 428 1706 485 A;
1737 430 1932 476 adtollit
1951 439 2102 477 mente
2180 414 2185 427 ⁴

401 499 722 556 supplendum:
754 499 873 544 hanc
904 499 1263 555 indulgentiam:

457 639 557 683 312.
620 640 951 698 Elegantissima
983 641 1221 698 digressio!
1286 641 1426 685 Etiam
1459 640 1692 697 Vergilius,
1724 642 1780 686 de
1811 643 1945 688 boum
1981 654 2099 688 mor·

400 711 465 754 bis
519 710 720 767 loquens,
773 711 991 755 luxuriam
1039 713 1266 769 impugnat
1322 723 1604 755 communem
1650 711 1869 756 malorum
1913 711 2094 764 fontem,

403 779 571 838 Georg.
621 780 696 826 111.
743 781 831 825 525
878 795 973 839 sqq.
1021 782 1132 838 quid
1178 782 1310 826 labor
1351 785 1433 825 aut
1478 780 1724 838 benefacta
1762 782 1956 827 iuvant?
1985 782 2099 839 quid

397 863 578 896 vomere
608 845 756 897 terras
786 855 806 907 l
837 852 1080 897 invertisse
1106 852 1306 908 gravis?
1336 853 1505 908 atqui
1535 864 1647 896 non
1679 853 1935 898 Massica
1963 853 2094 899 Bac-

398 922 818 978 chilmunera‚
864 936 975 968 non
1020 925 1151 968 illis
1206 924 1419 979 epulae
1471 935 1724 968 nocuere
1769 927 2095 980 repostae]

389 990 641 1050 frondibus
682 998 727 1039 et
770 995 892 1039 victu
933 999 1190 1050 pascuntur
1225 994 1450 1050 simplicis
1490 994 1668 1047 herbae,
1700 994 1754 1038 ad
1785 1006 1917 1051 quem
1947 994 2099 1040 locum?

398 1065 574 1110 adnotat
606 1063 822 1110 Servius:
866 1075 933 1120 „et
973 1078 1054 1123 per
1084 1067 1311 1110 transitum
1343 1067 1476 1122 tangit
1506 1066 1575 1110 illa
1607 1078 1719 1122 quae
1747 1065 1895 1110 dicunt
1924 1065 2101 1124 physici.
2144 1084 2150 1102 ι

398 1135 580 1180 morbos
611 1137 763 1180 venire
792 1149 853 1180 ex
882 1137 965 1180 cibi
995 1146 1036 1181 et
1067 1146 1199 1193 potus
1231 1137 1492 1181 nimietate'’.

457 1205 637 1263 Vergilii
669 1208 818 1261 verba,
851 1219 962 1263 quae
994 1207 1077 1251 alio
1115 1207 1250 1251 modo
1282 1216 1410 1264 atque
1440 1215 1585 1251 cetera
1615 1207 1905 1264 imprimenda
1927 1208 2100 1263 curavi,

401 1275 622 1321 Grattium
653 1278 942 1335 pellexerunt,
975 1287 1022 1321 ut
1053 1290 1211 1322 versus
1242 1278 1297 1322 de
1328 1278 1502 1322 luxuria
1534 1287 1713 1335 agentes
1749 1277 1953 1323 adiceret.
1987 1277 2092 1324 Non

395 1356 503 1404 erat,
551 1360 632 1392 cur
671 1340 806 1393 critici
846 1349 932 1393 hoc
963 1358 1119 1406 poetae
1152 1350 1257 1394 vitio
1290 1349 1543 1404 tribuerent,
1575 1361 1677 1393 nam
1708 1349 1934 1406 quomodo
1963 1357 2100 1407 poeta

396 1420 621 1463 venaticus
667 1431 846 1464 carmen
893 1432 1054 1464 ornare
1100 1429 1255 1477 potest,
1302 1421 1398 1474 nisi,
1446 1421 1519 1464 ubi
1566 1421 1740 1464 occasio
1770 1432 1869 1464 sese
1899 1420 2092 1477 praebet,

394 1489 690 1547 digressiones
721 1500 850 1547 atque
882 1493 1235 1548 comparationes
1265 1491 1473 1535 adhibere
1505 1491 1643 1536 licet?
1675 1490 1808 1548 Apud
1829 1489 2092 1536 Schanzium

394 1558 682 1618 (Geschichte
729 1562 769 1605 d.
818 1561 950 1606 Rem.
1000 1562 1098 1609 Litt.
1146 1561 1186 1606 2.
1242 1562 1277 1605 1.
1311 1575 1351 1619 p.
1384 1561 1471 1606 354
1503 1562 1527 1618 §
1559 1560 1664 1620 314)
1693 1560 1903 1618 legimus:'
1935 1573 2091 1617 „wenn

393 1642 444 1674 er
488 1632 648 1676 einmal
694 1633 786 1676 sich
825 1632 1211 1689 aufzuschwingen
1244 1633 1383 1688 sucht,
1417 1632 1562 1676 macht
1592 1645 1641 1677 es
1672 1634 1799 1677 einen
1831 1631 2091 1678 komischen

395 1700 642 1746 Eindruck.
663 1738 670 1745 .
692 1717 724 1758 .;
757 1715 828 1746 am
860 1703 1201 1748 sonderbarsten
1236 1705 1288 1747 ist
1319 1716 1382 1758 es,
1413 1704 1515 1747 dass
1545 1716 1608 1759 er,
1641 1703 1697 1747 da
1727 1715 1777 1747 er
1807 1702 1880 1747 fiir
1893 1702 2092 1748 einfache

397 1771 612 1830 Nahrung
658 1773 737 1817 der
774 1776 935 1830 jungen
995 1773 1190 1818 Hunden
1239 1774 1317 1818 das
1365 1773 1493 1818 Wort
1535 1773 1726 1830 ergreift‚
1773 1773 1974 1830 pl6tzlich
2020 1773 2091 1818 die

392 1843 688 1888 unheilvollen
721 1843 886 1900 Folgen
917 1845 995 1889 des
1028 1844 1181 1889 Luxus
1203 1844 1642 1901 beixverschiedenen
1661 1843 1862 1889 Vt‘ilkern
1878 1843 2094 1902 darlegt”..

453 1913 575 1958 Licet
616 1913 833 1959 Schanzio
880 1916 1059 1972 aliisque
1097 1915 1203 1960 tales
1244 1915 1541 1972 digressiones
1571 1915 1836 1972 improbare,
1867 1914 1947 1959 sed
1976 1916 2089 1972 quis-

392 1987 488 2041 quis
518 1986 750 2042 improbat‚
772 1998 828 2030 ne
845 1986 1126 2031 obliviscatur
1142 1999 1191 2031 se
1215 1999 1304 2031 non
1324 1985 1546 2031 Grattium
1569 1988 1832 2043 vituperare,
1854 1985 1933 2030 sed
1949 1993 2087 2040 totum

391 2055 477 2100 hoc
532 2068 671 2113 genus
725 2058 967 2100 carminum
1014 2057 1340 2101 didacticorum.
1421 2056 1539 2101 Nam
1586 2056 1693 2101 tales
1738 2057 2095 2113 comparationes.

392 2127 594 2183 proprias
635 2138 733 2170 esse
779 2126 907 2171 huius
955 2128 1129 2184 generis
1160 2136 1412 2183 poematum
1444 2131 1471 2181 η’
1501 2126 1621 2183 τέχνη
1660 2127 1857 2181 docebat,
1887 2127 1932 2171 id
1967 2127 2086 2183 quod

391 2208 450 2241 ex
490 2195 698 2253 Oppiano
740 2197 909 2241 discere
941 2210 1199 2254 possumus;
1231 2198 1342 2242 libro
1374 2199 1492 2242 enim
1524 2197 1720 2242 secundo
1752 2197 1807 2241 de
1839 2197 2092 2261 piseatione-

393 2280 458 2312 vs.
490 2266 577 2311 217
609 2269 773 2324 piscem
806 2269 993 2324 aliquem
1025 2269 1243 2323 describit,
1287 2271 1356 2313 cui
1389 2281 1554 2313 nomen
1585 2277 1651 2312 est
1682 2268 1877 2323 νυκτερίς,
1907 2279 2087 2324 vesper-

391 2338 504 2383 tilio.
567 2337 806 2394 Postquam
838 2348 982 2383 autem
1014 2349 1142 2396 poeta
1178 2338 1381 2384 Graecus
1412 2340 1619 2394 narravit,
1659 2351 1790 2395 quam
1822 2339 1995 2384 rabiosa
2015 2339 2092 2384 hie

391 2411 522 2467 piscis
552 2411 606 2453 sit
638 2411 886 2461 voracitate,
918 2411 974 2453 ita
1007 2412 1170 2467 pergit:

658 2478 793 2531 κλῦτε,
823 2481 943 2532 γὀναὶ
974 2481 1176 2535 μερόπων,
1208 2479 1293 2524 οἷον
1324 2479 1440 2528 τέλος
1469 2479 1691 2536 ἀφραδίῃσι

657 2549 910 2605 λαιμάργοις,
942 2553 1035 2594 ὅσον
1066 2550 1191 2603 ἄλγος
1223 2551 1500 2607 ἄδηφαγίῃσιν
1531 2547 1694 2605 ὀπηδεῖ]

656 2628 715 2677 τῷ
746 2637 807 2668 τις
837 2621 1001 2676 οἷεργίην
1032 2621 1258 2677 δυστερπέα
1288 2621 1383 2676 τῆλε
1414 2621 1552 2663 διώκοι

656 2693 726 2732 καὶ
756 2691 922 2746 κραδίης
953 2694 1023 2733 καὶ
1053 2694 1191 2748 χειρὸς,
1224 2692 1307 2749 ἔχοι
1339 2691 1384 2735 δέ
1415 2709 1453 2734 τι
1484 2691 1628 2747 μέτρον
1661 2690 1827 2745 ἐδωδῆς·

655 2761 750 2817 μηδ’
782 2763 851 2803 ἐπὶ
881 2763 1147 2806 πανθοίνοισι
1177 2764 1271 2807 νόον
1302 2763 1489 2819 τέρποιτο
1519 2761 1756 2818 τραπέζαις.

657 2831 806 2874 πολλοὶ
834 2835 914 2888 γὰρ
944 2841 1046 2875 τοῖοι
1076 2836 1147 2875 καὶ
1179 2835 1222 2878 ἐν
1252 2834 1467 2890 ἀνδράσιν,
1498 2832 1576 2875 οἷσι
1605 2831 1801 2876 λέλυνται

657 2904 767 2957 ἠνία,
798 2904 947 2958 γαστρὶ
979 2903 1022 2944 δὲ
1053 2907 1219 2952 πάντας
1252 2906 1512 2960 ἐπιτρωπῶσι
1544 2901 1722 2951 καλῶας.

449 2974 683 3019 Praeterea
730 2976 969 3018 rectissime
1012 2974 1067 3018 de
1099 2976 1253 3019 talibus
1284 2975 1391 3019 locis
1421 2975 1578 3019 iudicat
1613 2973 1836 3018 Henricus
1883 2972 2081 3018 Schenkl.

388 3044 460 3103 (zu
517 3044 730 3099 Grattius,
787 3058 828 3101 p.
871 3043 993 3102 436):
1046 3044 1207 3098 „Diese
1257 3044 1604 3102 Gleichstellung
1648 3045 1727 3089 des
1772 3042 1958 3088 Thieres
2002 3044 2084 3088 mit>

390 3115 634 3160 Menschen
665 3117 719 3160 ist
749 3116 866 3160 nicht
897 3124 1008 3159 etwa
1025 3117 1122 3160 eine
1141 3114 1331 3160 Marotte
1348 3117 1457 3161 oder
1472 3117 1571 3161 eine
1592 3115 1737 3160 blosse
1756 3114 2084 3161 Geschmacks-
