2210 3568
982 262 1094 334 '137

259 412 559 489 quondam:
607 418 662 463 cf.
710 431 776 463 vs.
832 419 912 463 194
966 420 1259 475 quondam
1307 421 1580 466 inconsultis
1612 426 1758 467 mater
1787 424 1915 468 dabit

207 490 419 537 Umbrica
467 489 616 536 Gallis
646 494 666 545 s
695 494 886 534 sensum
931 491 1113 547 agilem.
1165 491 1334 537 Nostro
1382 493 1480 538 loco
1524 503 1652 551 poeta
1694 494 1749 539 de
1780 495 1914 539 tertio

200 560 360 618 aliquo
387 573 558 619 genere
587 562 760 619 cogitat.

675 705 709 748 1.
741 703 771 748 2
803 704 924 760 Equi
959 704 1170 750 Thessali
1200 709 1245 749 et
1275 706 1448 763 Argivi.

260 845 510 891 501-506,
577 845 688 903 Equi
736 845 985 891 Thessalus
1032 857 1075 892 et
1107 848 1322 903 Argivus,
1356 850 1561 906 quamvis
1591 850 1675 893 sint
1708 847 1843 892 fortes
1875 856 1917 891 et

199 929 341 974 acres,
373 929 463 963 non
495 926 643 963 tamen
676 919 899 963 venationi
930 919 1018 976 apti
1049 928 1164 963 sunt.

197 1066 203 1079 ‘
258 1059 362 1105 501.
395 1060 635 1106 consule:
669 1061 825 1118 cogita.

260 1130 422 1177 Penei
461 1131 638 1188 qualis
685 1131 1022 1187 perfunditur
1069 1145 1230 1178 amne
1276 1139 1296 1186 Ι
1342 1133 1659 1179 Thessalus:
1693 1133 1832 1190 qualis
1863 1133 1917 1176 sit

201 1201 442 1249 Thessalus
471 1215 628 1261 equuS,
659 1205 734 1261 qui
765 1204 936 1249 lavatur
967 1217 1099 1264 amne·
1130 1205 1282 1250 Penei.

259 1273 618 1333 perfunditur:
659 1274 795 1335 Verg.
833 1274 1005 1335 Georg.
1039 1275 1094 1320 11.
1134 1276 1230 1321 146.
1270 1277 1351 1322 147
1383 1276 1489 1321 hinc
1530 1276 1639 1331 albi,
1675 1274 1918 1328 Clitumne‚

195 1342 376 1406 greges,
421 1349 469 1391 et
499 1357 720 1391 maxuma
751 1350 915 1391 taurus
945 1351 966 1402 s
995 1347 1198 1404 victima,
1229 1359 1372 1404 saepe
1402 1352 1483 1392 tuo
1510 1346 1698 1404 perfusi
1719 1345 1919 1403 flumine

200 1427 348 1473 sacro,
396 1416 509 1463 Aen.
543 1417 618 1462 XI.
651 1417 739 1463 495
770 1422 853 1463 aut
883 1419 1109 1464 adsuetus
1139 1431 1291 1476 aquae
1317 1418 1542 1477 perfundi
1564 1418 1764 1476 flumine
1784 1420 1920 1462 'not0.

261 1559 365 1605 502.
397 1554 711 1606 Thes'salus':
744 1561 799 1606 cf.
835 1560 1000 1617 Keller,
1020 1563 1103 1607 ,die
1127 1563 1284 1608 -antike
1316 1561 1537 1617 Tierwelt‚
1572 1561 1605 1617 1,
1628 1575 1670 1619 p.
1703 1560 1813 1615 228;
1851 1562 1919 1615 „in

206 1631 364 1677 Hellas
397 1632 489 1678 und
521 1631 672 1678 Italien
704 1633 899 1678 schfitzte
920 1645 1024 1678 man
1046 1634 1117 1678 die
1139 1634 1454 1679 thessalischen
1474 1633 1638 1678 Pferde
1664 1633 1768 1677 sehr
1789 1633 1919 1677 hoch.

202 1702 298 1749 Ais
317 1702 583 1762 Hauptstolz
614 1704 695 1750 des
727 1703 904 1749 Landes
935 1705 1162 1751 erblicken
1197 1707 1278 1750 wir
1308 1705 1388 1750 das
1409 1705 1577 1750 schone
1598 1705 1768 1760 feurige
1786 1702 1923 1747 Thes-

203 1775 452 1833 salerpferd
482 1775 558 1820 aul
587 1776 673 1821 den
708 1775 920 1821 Miinzen.

262 1846 360 1891 Zur
392 1846 530 1904 Jagd,
578 1860 634 1892 zu
682 1846 973 1893 Wettrennen
1022 1849 1113 1892 und
1145 1861 1246 1892 zum
1283 1848 1422 1907 Krieg
1452 1860 1555 1892 war
1582 1859 1634 1892 es
1661 1847 1811 1904 gleich
1839 1822 1922 1902 gut

201 1931 258 1964 zu
300 1918 571 1964 brauehenss’
616 1917 859 1964 Thessalos
905 1931 1046 1977 equos
1092 1921 1222 1964 etiam
1271 1921 1494 1965 venationi
1541 1920 1793 1977 aptissimos
1823 1930 1923 1963 esse

202 1991 348 2036 minus
389 2000 509 2036 recte
540 1990 642 2036 dicit
677 1990 899 2047 Kellerus,
931 2004 1034 2036 nam
1070 1989 1272 2036 Grattius
1303 1992 1528 2046 dissentit;
1565 1990 1816 2048 Oppianus,
1848 1990 1922 2046 qui

189 2061 315 2107 libro
348 2060 380 2106 1.
418 2060 666 2114 170—172‚
694 2061 776 2107 271
816 2062 1032 2118 plurimos
1062 2072 1295 2108 enumerat
1325 2075 1480 2120 equos,
1499 2064 1555 2107 de
1572 2061 1790 2107 Thessalo
1807 2073 1924 2119 equo

194 2142 339 2188 ,taccu
385 2132 603 2178 Arrianus
665 2146 845 2190 quoque
906 2134 1016 2179 alios
1061 2146 1202 2192 equos
1249 2135 1303 2178 ad
1351 2135 1426 2178 diu
1468 2133 1738 2179 currendum
1785 2133 1923 2189 magis

191 2192 390 2249 *idoheos
436 2204 568 2250 habet
615 2204 669 2249 cf.
723 2203 902 2262 Cyneg.
949 2204 1024 2250 23.
1056 2204 1099 2250 2.
1132 2205 1161 2250 3
1192 2207 1264 2259 ἀφ’
1294 2207 1442 2249 ἵππων
1474 2214 1558 2250 τῶν
1590 2209 1820 2248 Σκυθικῶν
1853 2206 1922 2245 καὶ

189 2274 450 2332 ·Ἰλλυρικῶν
481 2275 721 2321 διώκουσιν·
752 2272 866 2318 οὗτοι
896 2278 977 2332 γὰρ
1008 2275 1263 2321 ἐλαύνεσθαι
1294 2279 1368 2331 μὲν
1400 2280 1455 2320 τὰ
1487 2285 1636 2333 πρῶτα
1656 2278 1732 2319 οὐκ
1748 2276 1922 2328 ἀγαθοί,

191 2346 316 2390 ιάλλὰ
348 2347 428 2392 κᾶν
459 2348 578 2392 πάνυ
610 2348 964 2412 καταφρονήσειας
997 2348 1097 2393 ἰδὼν
1130 2348 1489 2407 παραβάλλοντας
1519 2350 1643 2404 ἵππῳ
1678 2346 1874 2404 Θεσσαλῷ
1897 2351 1923 2400 ἠ

203 2417 369 2477 Σικελῷ
415 2418 440 2474 ἢ
490 2418 838 2475 Πελοποννησίῳ·
887 2419 1206 2475 διαπονούμενοι
1253 2421 1295 2464 δὲ
1341 2421 1503 2464 ἐπίπαν
1551 2421 1804 2477 ἀντέχουσιν.
1854 2420 1923 2459 καὶ

204 2492 328 2534 τότε
359 2493 423 2535 ἂν
464 2490 605 2540 ἰ’δοις
636 2493 725 2535 τὸν
755 2493 851 2545 μὲν
883 2493 1023 2537 ὠκὺν
1055 2493 1264 2537 ἐκεῖνον
1293 2496 1474 2536 ἵππον
1507 2494 1595 2534 καὶ
1626 2491 1797 2545 μ’έγαν
1835 2492 1922 2531 καὶ

203 2565 440 2621 σοβαρὸν
487 2564 943 2619 ἀπαγορεύοντα,
991 2567 1063 2609 τὸν
1100 2564 1143 2607 δὲ
1182 2564 1338 2609 λεπτὸν
1385 2567 1455 2606 καὶ
1509 2562 1728 2620 ψωραλέον
1775 2570 1922 2617 πρῶτα

204 2635 278 2689 μὲν
320 2635 654 2692 παραμείβοντα,
697 2634 841 2677 ’ἔπειτα
878 2634 1186 2689 ἀπολείποντα,
1229 2635 1373 2679 ’ἔπειτα
1416 2635 1648 2680 ἐλαύνοντα
1681 2637 1727 2677 τὸ
1759 2634 1923 2689 θηρίον.

264 2717 618 2762 conspexere:
652 2706 851 2752 admirati
883 2717 999 2764 sunt,
1031 2707 1086 2753 cf.
1120 2708 1217 2754 Liv.
1255 2708 1332 2754 VI.
1366 2708 1499 2754 4.›12
1529 2719 1648 2764 opus
1673 2706 1746 2751 vel
1767 2706 1815 2750 in
1837 2705 1923 2749 hac

206 2777 553 2836 magnificentia
585 2778 711 2823 urbis
740 2778 1151 2835 conspiciendam..

265 2849 547 2905 Mycenae:
598 2849 758 2895 Horat.
811 2848 965 2896 Carm.
1016 2850 1048 2896 1.
1095 2851 1157 2896 7.-
1185 2853 1215 2896 9
1259 2856 1419 2909 aptum
1466 2851 1577 2896 dicit
1609 2849 1740 2906 equis
1772 2849 1922 2904 Argos

205 2920 409 2978 ditisque
455 2921 689 2977 Mycenas,
739 2921 875 2979 Verg.
927 2919 1100 2981 Georg.
1150 2922 1226 2968 111.
1282 2923 1376 2980 121,
1425 2924 1498 2968 ubi
1522 2921 1672 2979 fortis
1704 2920 1923 2976 Mycenas

204 3003 423 3050 equorum
446 2993 631 3050 patriam
654 3002 784 3037 vocat
806 3002 950 3050 poeta.
985 2992 1076 3039 Iam
1098 2995 1215 3052 apud
1242 2995 1494 3040 Homerum
1517 2994 1722 3050 legimus:
1752 2991 1923 3045 ’Ἀργεος

206 3063 455 3121 ιπποβότοιο
485 3063 553 3122 (n.
588 3063 618 3109 Ι.
651 3063 813 3117 287)ἰ.
846 3077 886 3109 e.
921 3064 1099 3123 Argolis
1130 3078 1231 3111 cum
1260 3065 1483 3124 Mycenis.
1519 3063 1622 3119 Sed,
1655 3073 1700 3107 ut
1733 3075 1790 3108 ex
1821 3062 1921 3107 loco

204 3134 382 3181 laudato
414 3135 591 3181 Arriani
613 3145 809 3193 apparet,
828 3135 1355 3218 Πελοποννήσιοςῖπποςί.
1373 3149 1412 3182 e
1431 3136 1713 3192 Mycenaeus
1735 3135 1922 3179 celerius

206 3205 409 3284 fatigatur
439 3219 571 3265 quam
602 3208 625 3249 ὁ
655 3208 882 3257 Σκυθικός.
