2210 3568
997 235 1056 280 69

231 366 564 424 pavidosque
595 366 749 411 iuvat
781 367 1079 421 conpellere
1112 365 1326 413 dorcas:
1351 368 1553 412 vocabuli
1569 368 1735 412 dorcas
1750 371 1890 413 nomi-

171 440 348 484 nativus
389 451 478 484 non
510 449 576 484 est
607 439 759 494 dorca,
792 450 863 493 ae,
895 438 939 482 id
971 437 1091 494 quod
1123 448 1244 494 putat
1279 452 1320 483 v.
1354 439 1395 483 d.
1433 437 1616 494 Curcio,
1647 440 1727 484 sed
1758 440 1887 492 dorx,

171 509 226 555 cf.
279 509 362 556 Gr.
411 509 532 565 δόρξ,·
577 511 693 555 dorx
733 511 850 567 apud
896 508 1118 555 Grattium
1151 510 1295 554 solum
1327 511 1563 563 invenitur,
1594 512 1793 556 usitatius
1822 521 1889 556 est

170 574 501 638 dorcas,‘adi8,
533 582 587 626 cf.
622 581 754 626 Mart.
789 580 909 636 XIII,
941 579 1000 624 98
1031 580 1247 624 delicium
1274 593 1421 636 parvo
1452 582 1649 627 donabis
1684 583 1888 631 dorcada

171 657 305 710 natos
329 652 384 707 X,
413 652 473 698 65
503 653 668 698 dorcas
689 651 872 708 jugam
901 651 956 696 cf.
990 649 1094 697 Sen.
1130 651 1319 696 Phaedr.
1353 652 1426 706 61,
1447 665 1570 697 nunc
1583 654 1763 699 veloces
1770 653 1887 711 figis

38 707 44 772 s
95 716 98 718 ’
169 725 386 782 dammas
415 729 435 779 s
465 724 636 769 leviore
666 734 820 768 mana.

228 866 332 927 201.
394 868 616 912 versuta
671 864 822 921 sequi
877 865 1076 920 leporis
1127 866 1362 923 vestigia
1407 867 1590 922 parvi:
1637 869 1690 913 ci.
1739 868 1887 927 [Xen.]

174 937 352 997 Cyneg.
379 938 422 995 8,
455 937 485 984 3
515 939 590 980 ἐὰν
622 937 659 979 δ’
681 935 978 992 ἐπηλλαγμένα
1010 933 1038 992 ᾖ
1066 936 1146 996 (sc.
1170 939 1226 979 τὰ
1258 937 1382 997 ἴχνη),
1407 940 1451 979 ἐκ
1473 947 1562 980 τῶν
1585 941 1731 982 αὐτῶν
1753 938 1886 982 πάλιν

169 1010 225 1058 εἷς
245 1011 295 1051 τὸ
316 1009 425 1051 αὐτὸ
444 1009 604 1064 ἥκοντα
625 1007 802 1057 κύκλους
822 1012 1070 1063 ποιούμενον
1104 1009 1350 1064 ἐκπεριιέναι
1382 1011 1439 1052 τὰ
1461 1018 1645 1053 τοιαῦτα
1672 1011 1887 1067 ζητοῦντα

170 1081 267 1136 ὅποι
297 1079 433 1130 ἔξεισι.
466 1078 607 1122 πολλὰ
640 1079 682 1122 δὲ
713 1078 934 1124 πλανᾶται
967 1082 988 1122 ὁ
1019 1079 1158 1134 λαγῶς
1190 1081 1476 1136 ἀπορούμενος
1498 1083 1605 1125 ὅπου
1628 1081 1886 1138 κατακλιθῇ,

167 1153 262 1207 ,ἅμα
292 1151 336 1195 δὲ
367 1153 439 1194 καὶ
470 1151 649 1194 εἴθισται
681 1152 972 1209 τεχνάζειν
1005 1161 1060 1208 τῇ
1089 1152 1250 1210 βαδίσει
1281 1153 1351 1195 διὰ
1384 1155 1433 1195 τὸ
1465 1153 1689 1196 διώκεσθαι
1715 1154 1780 1196 οὲεὶ
1801 1153 1887 1195 οέπὸ

170 1231 258 1273 ,τῶν
288 1223 508 1266 τοιούτων.
542 1223 742 1269 Verbum
777 1223 987 1282 τεχνάζειν
1020 1225 1284 1276 adiectivum
1310 1228 1499 1270 versuta
1520 1226 1638 1283 apud
1664 1225 1887 1272 Grattium

170 1296 336 1353 optime
366 1295 563 1340 illustrat.

227 1436 329 1483 202.
392 1437 698 1483 Petroniost
729 1438 863 1490 haec
883 1438 1031 1482 fama
1052 1439 1197 1486 cani:
1219 1440 1304 1484 hoc
1325 1452 1485 1484 canum
1507 1453 1647 1498 genus
1669 1453 1887 1497 nusquam

169 1520 547 1556 commemoratur
592 1511 676 1554 nisi
717 1510 803 1555 hoc
844 1511 958 1566 loco,
1000 1524 1145 1568 neque
1177 1513 1308 1569 igitur
1339 1513 1574 1569 quicquam
1606 1514 1713 1557 certi
1745 1513 1800 1556 de
1830 1524 1887 1557 eo

169 1591 449 1641 compertum
479 1581 719 1637 habemus;
750 1592 893 1626 exstat
926 1593 1071 1627 tamen
1103 1584 1250 1640 glossa
1272 1585 1390 1641 apud
1414 1582 1613 1628 Festum:
1642 1583 1887 1638 „Petrones

169 1665 194 1697 a
242 1661 468 1711 petrarum
515 1655 750 1710 asperitate
790 1664 832 1698 et
864 1654 1022 1699 duritia
1054 1655 1184 1699 dicti‘'
1217 1667 1490 1713 quapropter
1523 1655 1681 1700 Vlitius
1712 1666 1888 1701 nostras

167 1735 332 1769 nomen
379 1724 646 1768 Petronium
692 1737 794 1769 cum
844 1738 956 1770 voce
1003 1725 1138 1780 πέτρα
1185 1727 1429 1772 cohaerere
1476 1736 1629 1784 putat.·
1664 1726 1887 1782 „Petronii

167 1807 314 1850 canes,
345 1790 498 1853 inq‘uit,
529 1796 853 1853 <appellantur>
883 1798 984 1854 quia
1015 1799 1072 1842 ita
1102 1798 1282 1843 solidos
1303 1799 1452 1843 calces
1474 1799 1648 1854 habent,
1671 1809 1717 1843 ut
1739 1809 1887 1856 petras

167 1878 210 1925 et
241 1879 377 1925 rupes
406 1869 538 1913 etiam
570 1868 706 1913 illaesi
738 1869 1043 1924 percurrant’‘.

171 1975 174 1977 Α
684 1968 689 1986 ,
762 1970 765 1972 .

225 2009 328 2055 203.
392 2012 446 2056 et
477 2010 678 2066 pictam
711 2012 924 2056 macula
942 2011 1270 2056 Vertraham
1289 2013 1461 2069 delige
1476 2012 1640 2061 falsa:
1669 2014 1885 2059 Vertraha

170 2082 241 2127 vel
270 2085 512 2139 vertragus
541 2104 601 2119 =
635 2082 793 2128 Germ.
834 2083 1106 2136 Windhund‚
1139 2085 1193 2130 cf.
1228 2084 1403 2130 Arrian.
1441 2084 1618 2144 Cyneg.
1651 2086 1692 2130 3.
1717 2085 1747 2130 6
1778 2085 1887 2128 αἰδὲ

168 2153 367 2210 ποδώκεις
408 2154 527 2202 κύνες
574 2155 619 2195 αἱ
667 2153 877 2197 Κελτικαὶ
925 2153 1158 2198 καλοῦνται
1205 2158 1278 2210 μὲν
1325 2156 1626 2212 οὐέρτραγοι
1664 2166 1785 2213 φωνῇ
1831 2166 1886 2213 τῇ

169 2223 364 2278 Κελτῶν,
389 2216 486 2267 κούκ
531 2225 618 2268 οέπὸ
664 2225 819 2274 ἔθνους
864 2226 1045 2280 οὐδενός,
1086 2230 1284 2283 καθάπερ
1315 2230 1361 2269 αἱ
1390 2231 1607 2284 Κρητικαὶ
1639 2229 1664 2284 ἢ
1696 2230 1887 2285 Καρικαὶ

170 2297 195 2356 ἢ
226 2299 465 2358 Λᾴκαιναι,
505 2295 601 2338 ἀλλ’
632 2298 687 2346 ὡς
718 2306 807 2340 τῶν
839 2301 1070 2354 Κρητικῶν
1104 2301 1150 2340 αἱ
1180 2299 1374 2344 διάπονοι
1415 2301 1502 2342 οἷπὸ
1534 2309 1613 2343 τοῦ
1643 2300 1885 2356 φιλοπονεῖν

169 2369 241 2411 καὶ
273 2370 318 2410 αἱ
358 2370 508 2423 ι’ταμαὶ
550 2369 637 2411 οἷπὸ
681 2377 758 2411 τοῦ
800 2369 910 2419 ὀξέος
953 2372 1023 2412 καὶ
1065 2372 1111 2412 αἱ
1139 2373 1286 2425 μικταὶ
1321 2371 1397 2413 ἀπ’
1429 2374 1588 2427 ἀμφοῖν
1622 2374 1735 2415 οὕτω
1776 2373 1805 2414 οἷ
1816 2374 1883 2413 πὸ

169 2447 265 2495 τῆς
311 2440 604 2495 ὠκύτητος.
639 2440 856 2486 Arrianea
889 2443 1093 2487 vocabuli
1131 2443 1349 2488 Vertraha
1380 2445 1451 2489 vel
1490 2444 1732 2501 Ver—tragus
1747 2444 1887 2501 expli-

169 2513 282 2557 catio
313 2521 432 2557 recte
463 2524 512 2556 se
544 2512 688 2565 habet,
720 2512 774 2557 cf.
808 2525 1064 2559 excursum.
1817 2566 1823 2573 x

227 2583 429 2640 pictam
476 2584 771 2628 macula...
812 2585 850 2642 -1-
881 2584 1043 2632 falsa:
1075 2586 1128 2631 cf.
1163 2586 1339 2632 Arrian.
1377 2586 1554 2644 Cyneg.
1587 2587 1629 2631 3.
1658 2586 1700 2643 7,
1733 2589 1811 2638 τὴν
1843 2586 1886 2628 δὲ

171 2655 288 2702 ἰδέαν,
317 2654 448 2698 καλόν
480 2672 522 2697 τι
553 2658 689 2713 χρῆμά
720 2658 820 2701 εἰσιν
851 2662 962 2700 κατά
994 2675 1038 2701 τε
1075 2660 1175 2707 τοὺς
1219 2657 1469 2713 ὀφθαλμοὺς
1511 2660 1556 2700 αἱ
1591 2659 1885 2711 γενναιόταται

171 2728 317 2769 αὐτῶν
358 2729 429 2769 καὶ
469 2730 582 2769 κατὰ
620 2730 669 2769 τὸ
701 2736 821 2782 σῶμα
852 2731 973 2772 ἅπαν
1006 2731 1076 2772 καὶ
1110 2732 1189 2785 τὴν
1221 2732 1342 2788 τρίχα
1374 2732 1446 2772 καὶ
1477 2733 1557 2784 τὴν
1589 2730 1738 2787 χρόαν·
1770 2730 1883 2770 οὕτω

170 2807 266 2847 ταῖς
312 2814 357 2841 τε
399 2798 609 2848 ποικίλαις
653 2802 836 2842 ἐπανθεῖ
864 2803 912 2843 τὸ
946 2800 1136 2844 ποικίλον
1169 2804 1239 2844 καὶ
1271 2804 1386 2851 ὅσαις
1418 2801 1536 2856 ἁπλῆ
1568 2803 1592 2856 ἦ
1625 2802 1727 2858 χρόα
1757 2801 1886 2852 ἐστίν,

170 2868 416 2928 ἀποστίλβει
447 2873 519 2912 καὶ
551 2873 677 2927 αὕτη,
710 2875 780 2914 καὶ
814 2872 931 2917 ἔστιν
963 2874 1135 2928 ἣδιστον
1168 2874 1313 2930 θέαμα
1345 2875 1469 2931 οἷνδρὶ
1499 2881 1748 2931 θηρευτικῷ.

231 2941 302 2986 Ad
334 2943 600 2998 vocabulum
624 2943 762 3001 falsa
792 2945 1102 3002 explicandum
1134 2948 1388 3005 complures
1420 2957 1606 2992 tentatae
1638 2954 1739 2991 sunt
1754 2946 1887 2990 inter—

171 3015 462 3077 pretationes;
511 3014 671 3059 Vlitius
717 3017 1050 3073 interpretatur:
1099 3018 1207 3063 falsa
1250 3039 1305 3056 =
1355 3017 1743 3073 „diversicolore”‚
1775 3016 1890 3061 Bur-

172 3097 361 3130 mannus
406 3086 599 3144 intelligit
646 3088 843 3132 colorem
890 3089 1078 3146 aliquem
1119 3103 1179 3135 ex
1209 3090 1382 3148 fulgore
1429 3101 1695 3146 repercusso
1727 3098 1890 3142 ortum,

169 3154 410 3216 (German.
447 3156 793 3217 Gegenschein)‚
816 3159 1146 3208 Wemsdorflus
1178 3164 1338 3219 cogitat
1369 3162 1424 3207 de
1456 3161 1626 3207 macula
1658 3173 1771 3217 quae
1796 3173 1888 3206 non
