2210 3568
1044 244 1126 288 117

222 375 280 417 τὰ
319 373 515 432 πρόβατά
557 390 620 421 τις
660 374 839 430 χρίσεων.
882 375 917 416 εἷ
957 373 1000 416 δὲ
1042 372 1326 428 ἇμελήσαντός
1370 391 1445 419 σου
1475 378 1627 435 συμβῇ,
1669 379 1939 433 θεραπεύσεις

221 445 338 488 αὐτὰ
367 444 512 493 οὕτως.
531 445 692 501 ἆμόργη
724 444 879 494 ἄνοπλος
911 444 1122 500 διηθεῖται
1155 449 1223 488 καὶ
1241 446 1353 503 ὕδωρ
1370 456 1530 502 πικρῶν
1557 446 1725 504 θέρμων
1747 451 1936 507 προβρα-

222 513 381 572 ginon
421 517 491 557 καὶ
532 515 635 571 τρύξ
677 515 826 558 λευκοῦ
880 516 993 560 οἴνου
1039 518 1086 558 τὸ
1136 513 1222 561 ἴσον
1264 519 1439 559 ἑκάστου
1500 520 1652 574 μιχθὲν
1698 520 1740 564 ἔν
1786 521 1937 576 ἀγγείῳ

222 587 504 643 θερμαίνεται,
536 589 606 628 καὶ
638 589 686 629 τὸ
718 588 933 645 πρόβατον
964 588 1101 642 τούτῳ
1133 590 1302 644 χρισθὲν
1333 590 1400 630 ἐπὶ
1432 590 1459 646 β
1491 589 1645 646 ἡμέρας
1674 576 1799 645 paluel,
1830 598 1883 647 τῇ
1912 610 1938 645 γ

221 656 266 701 δὲ
295 656 420 701 ὕδατι
451 655 676 713 θαλαττίῳ
704 658 729 712 ἢ
751 657 863 715 ἅλμῃ
888 662 1021 714 θερμῇ
1042 657 1214 703 λουτέον
1236 662 1306 701 καὶ
1326 661 1430 714 μετὰ
1452 668 1591 703 ταῦτα
1612 661 1736 704 ὕδατι
1758 663 1935 718 ποτίμῳ.

283 727 370 774 His
407 728 517 775 locis
557 741 660 774 cum
706 728 884 775 Grattio
925 732 1192 787 comparatis
1224 731 1328 775 mihi
1362 732 1600 777 verisimile
1631 733 1805 779 videtur
1835 746 1938 780 nos-

219 809 337 846 trum
382 809 559 858 poetam
606 812 697 845 non
746 801 891 845 solum
942 800 1126 858 Vergilii
1173 814 1421 847 memorem
1468 815 1582 858 esse,
1623 805 1702 848 sed
1749 806 1880 850 etiam
1911 817 1938 850 e

155 929 160 935 ³
222 870 422 918 Catone*
452 871 684 917 hausisse.
734 870 910 917 Confer
961 871 1106 918 Gratt.
1156 872 1245 916 423
1290 874 1582 918 exsudent
1625 874 1790 920 vitium
1836 889 1936 922 cum

222 940 411 989 Catonis
451 944 603 988 verbis
656 943 804 988 sinito
854 944 1044 988 biduum
1086 948 1168 989 aut
1208 944 1410 989 triduum
1450 946 1794 992 consudent.
1830 947 1971 1007 Post⁸

218 1011 332 1072 quae
377 1014 515 1061 verba
562 1015 679 1072 apud
728 1027 966 1072 utrumque
1012 1018 1293 1072 scriptorem,
1344 1014 1567 1061 Catonem
1611 1026 1654 1062 et
1698 1015 1936 1072 Granium,

216 1085 404 1144 legimus
433 1096 547 1131 oves
575 1086 768 1130 scabras
797 1098 922 1142 aqua
953 1087 1137 1131 marina
1167 1087 1412 1132 lavandas.

277 1221 379 1268 408.
413 1221 693 1268 deformis:
730 1224 864 1281 Verg.
902 1223 1072 1282 Georg.
1103 1224 1178 1270 111.
1197 1225 1277 1268 441
1301 1225 1472 1280 turpis.
1491 1258 1502 1269 .
1520 1258 1532 1269 .
1556 1225 1738 1270 scabies
1745 1239 1762 1280 ‚·
1779 1225 1936 1284 Veget.

218 1291 464 1340 Mulomed.
499 1293 554 1340 11.
584 1295 665 1339 135
680 1296 864 1340 scabies
886 1296 1106 1340 iumentis
1136 1294 1586 1353 deformitatem
1607 1300 1651 1341 et
1663 1296 1936 1353 passionem

217 1368 264 1410 et
295 1365 526 1411 interdum
552 1366 811 1422 periculum
838 1371 1042 1423 generat.

277 1438 577 1484 dulcedine:
610 1438 665 1484 cl.
686 1439 840 1498 Veget.
862 1439 1107 1484 Mulomed.
1128 1439 1181 1484 11.
1199 1440 1281 1485 52:
1302 1440 1501 1496 uligines
1516 1439 1659 1484 etiam
1676 1440 1725 1484 in
1735 1440 1935 1496 pedibus

215 1510 422 1555 cruribus
459 1511 782 1567 unguibusque
812 1512 885 1556 vel
915 1513 999 1555 sub
1031 1512 1177 1556 armis
1209 1512 1464 1568 aliquando
1491 1515 1784 1568 generantur,
1819 1524 1937 1568 quas

200 1580 402 1647 squidem
466 1582 819 1627 dulcedines
874 1587 1064 1638 vocant;
1122 1583 1292 1627 habent
1341 1583 1696 1628 similitudinem
1746 1583 1933 1628 scabiei.

217 1651 348 1710 Quae
390 1649 495 1698 cum
539 1665 592 1698 se
638 1653 925 1711 diffuderint,
969 1655 1115 1710 pedes
1161 1655 1427 1699 exulcerant
1472 1655 1536 1699 ad
1580 1654 1935 1700 similitudinem

216 1723 387 1781 leprae,
424 1728 470 1769 et
508 1729 695 1781 urgente
726 1725 1051 1782 prurigine
1071 1726 1302 1770 animalia
1332 1725 1425 1770 sibi
1451 1730 1616 1782 partes
1649 1727 1757 1771 illas
1787 1738 1934 1772 corro-

213 1794 328 1840 dunt
371 1796 446 1840 vel
489 1796 686 1841 alternis
728 1797 929 1852 pedibus
968 1795 1273 1855 confricando
1315 1798 1573 1843 vulnerant.
1608 1797 1740 1856 Quod
1771 1799 1935 1843 vitium

198 1866 424 1912 acritudo
453 1867 697 1913 humorum
727 1869 965 1913 consuevit
993 1880 1230 1925 generare,
1254 1873 1300 1914 et
1323 1869 1427 1914 ideo
1447 1873 1638 1914 curatur
1653 1870 1934 1915 detractione

211 1938 474 1995 sanguinis,
508 1939 802 1984 unctionibus
834 1943 881 1984 et
906 1941 1263 1996 purgationibus
1293 1941 1485 1986 ventris.

274 2009 373 2055 Ηίσ
392 2010 518 2056 locus
548 2011 794 2068 explicatur
826 2012 984 2056 collato
1018 2012 1238 2068 Varrone,
1271 2013 1328 2057 de
1359 2025 1408 2057 re
1441 2014 1603 2057 rustica
1637 2012 1690 2057 11.
1723 2013 1807 2058 2.7
1839 2025 1934 2058 non

212 2081 337 2128 enim
385 2073 538 2126 solum
604 2094 662 2126 ea
719 2083 880 2139 uligo
937 2085 1097 2128 lanam
1146 2084 1398 2140 corrumpit
1443 2084 1614 2138 ovium,
1660 2084 1745 2129 sed
1790 2084 1932 2129 etiam

213 2153 425 2209 ungulas,
473 2165 529 2198 ac
573 2154 767 2198 scabras
801 2155 913 2212 fieri
949 2155 1084 2212 cogit,
1126 2155 1181 2201 cf.
1224 2158 1355 2201 etiam
1403 2155 1499 2201 Cic.
1543 2157 1599 2200 de
1640 2156 1767 2213 legib.
1810 2156 1839 2200 1.
1875 2157 1932 2200 47

211 2224 345 2269 cuius
385 2224 628 2270 blanditiis
659 2226 861 2281 corrupti
892 2238 1012 2282 quae
1042 2231 1212 2271 natura
1242 2227 1363 2271 bona
1393 2230 1517 2282 sunt,
1547 2227 1658 2283 quia
1689 2227 1930 2272 dulcedine

212 2295 300 2341 hac
329 2299 374 2340 et
401 2296 558 2341 scabie
589 2300 759 2353 carent,
796 2309 891 2342 non
921 2301 1111 2342 cernunt
1140 2298 1278 2342 satis.

269 2366 442 2413 Auson.
468 2367 761 2431 'Epigramm
816 2369 910 2413 106.
965 2369 1030 2425 12,
1079 2383 1122 2427 p.
1170 2370 1251 2414 351
1305 2369 1526 2429 (Peiper):
1576 2369 1636 2428 [in
1678 2371 1929 2415 scabiosum

212 2437 542 2498 Polygitonem]
585 2440 730 2484 donec
769 2444 1045 2485 marcentem
1086 2442 1229 2486 calidi
1251 2440 1444 2498 fervore
1472 2442 1648 2486 lavacri
1677 2447 1697 2496 J
1728 2442 1929 2486 blandus

210 2509 342 2555 letali
369 2511 525 2556 solvat
555 2511 798 2567 dulcedine
831 2512 1030 2557 morbus.

270 2582 471 2628 Dulcedo
487 2584 618 2640 igitur
633 2604 692 2619 =
704 2584 967 2640 prurigo,
997 2584 1168 2630 Batave
1194 2586 1368 2641 „jeuk‘’,
1391 2584 1663 2631 Germanice
1683 2585 1729 2641 „J
1735 2586 1926 2630 ucken”.

268 2653 504 2699 lacerum
544 2655 822 2700 dulcedine
854 2667 1070 2711 corpus:
1104 2656 1212 2701 haec
1243 2657 1479 2714 iungenda.

269 2725 370 2770 409.
409 2726 556 2782 longi
588 2727 680 2770 via
711 2726 950 2781 pessima
981 2727 1095 2772 leti:
1129 2727 1182 2772 cf.
1219 2727 1472 2772 Nemesian.
1506 2727 1594 2771 202
1627 2739 1735 2772 nam
1768 2728 1927 2771 tristes

210 2796 368 2853 morbi,
398 2797 580 2843 scabies
618 2802 663 2843 et
693 2799 890 2843 sordida
926 2799 1059 2844 venis
1089 2802 1108 2854 s
1137 2811 1280 2855 saepe
1310 2799 1448 2854 venit,
1482 2800 1760 2855 multamque
1791 2811 1930 2843 canes

210 2927 343 2965 Rhein.
379 2928 483 2964 Mus.
522 2929 604 2965 Bnd
641 2930 690 2965 45
729 2929 856 2975 [1890]
894 2940 927 2974 p.
966 2929 1026 2974 58,
1059 2931 1144 2976 212,
1177 2931 1259 2966 Bnd
1292 2932 1351 2975 48,
1385 2941 1419 2975 p.
1449 2931 1481 2974 l)
1505 2935 1544 2965 et
1571 2940 1607 2965 v.
1634 2931 1668 2965 d.
1697 2932 1930 2967 Baumstarlc

207 2987 524 3033 (Lucubrationes
548 2987 815 3034 Syrograecae,
840 2989 972 3025 Philol.
997 2990 1127 3035 Jahrb.
1153 2992 1274 3035 suppl.
1299 2991 1341 3026 21
1373 3000 1407 3035 p.
1432 2989 1528 3034 359).

255 3045 285 3093 ²)
319 3047 422 3083 Vixit
445 3049 599 3084 saeculo
625 3055 710 3093 post
736 3048 826 3085 Chr.
853 3059 889 3085 n.
915 3055 1050 3094 quarto
1076 3048 1136 3086 v‘el
1162 3052 1305 3095 quinto,
1332 3051 1558 3094 scripsitque
1583 3050 1630 3084 de
1656 3058 1696 3084 re
1722 3049 1866 3084 rustica
1890 3054 1930 3085 et

207 3106 256 3143 de
279 3105 477 3153 medicina,
501 3108 550 3144 cf.
575 3108 777 3154 Susemihl,
803 3108 945 3145 Gesch.
970 3110 1037 3145 der
1063 3109 1337 3146 Griechischen
1365 3111 1451 3146 Litt.
1468 3110 1492 3145 i.
1509 3109 1544 3145 d.
1564 3108 1929 3147 Alexandrinerzeit.

209 3166 283 3202 vol.
311 3166 356 3213 11,
382 3177 416 3211 p.
445 3167 524 3211 196,
549 3167 667 3213 Oder,
700 3168 833 3204 Rhein.
861 3168 962 3204 Mun.
990 3169 1084 3205 Bnd.
1110 3170 1158 3204 45
1183 3169 1321 3214 [1890],
1348 3178 1382 3213 p.
1407 3169 1489 3204 218.
