2210 3568
1163 263 1222 307 70

344 402 411 438 est
458 405 564 438 vera
611 394 851 449 vitiumque
898 392 1008 436 falso
1055 392 1200 437 rel'ert.
1237 392 1368 449 Quae
1400 402 1543 438 tamen
1576 395 1619 438 in
1654 407 1764 439 voce
1786 394 1922 452 falsa
1953 409 2042 443 non

344 464 515 518 insunt3
562 473 831 520 quapropter
871 463 1075 519 Johnson
1108 463 1248 520 fulva
1289 464 1421 523 (idem
1454 474 1605 522 postea
1641 465 1700 509 H.
1736 465 1943 520 Schenkl,
1975 467 2044 514 Zu

348 532 549 578 Grattius
579 544 659 579 etc.
693 548 733 591 p.
768 534 872 592 44l)
904 543 977 579 aut
1000 534 1133 591 flava
1164 537 1404 592 proposuit.

408 603 616 657 „Solent”
647 606 764 649 enim
796 606 931 662 inquit
965 605 1135 661 Vlitius‚
1164 607 1378 662 „optimae
1402 605 1645 650 Vertrahae
1676 607 1812 663 nigris
1833 606 2045 665 navisque

346 675 514 718 mixtim
562 676 697 732 virgis
742 675 948 732 luporum
996 676 1211 721 luciorum
1256 686 1378 734 terga
1418 678 1694 734 potissimum
1738 677 1934 723 reserre”
1964 678 2044 724 sed

343 757 487 801 neque
534 744 762 791 Vollmero
811 746 1033 798 lohnsonii
1079 749 1329 793 coniectura
1374 756 1461 791 tam
1501 756 1619 792 certa
1652 748 1836 804 videtur,
1868 756 1915 794 ut
1943 761 2043 794 eam

344 816 387 858 in
429 824 550 859 textu
594 828 761 872 ponere
793 830 925 861 ausus
955 819 1023 872 sit,
1055 830 1198 874 neque
1229 818 1334 862 mihi
1365 819 1419 862 ab
1452 819 1572 862 omni
1603 827 1726 875 parte
1757 819 1910 876 placet,
1942 831 2042 865 cum

343 897 560 941 nusquam
607 897 814 944 appareat
846 888 926 932 has
960 888 1152 933 maculas
1185 901 1273 933 non
1305 890 1388 933 nisi
1411 888 1580 945 fulvas
1611 889 1682 933 vel
1707 889 1866 946 flavas
1895 889 2042 953 fuisse.

345 956 560 1013 Equidem
607 971 690 1015 pro
727 957 864 1014 falsa
910 971 1115 1016 propono
1160 971 1351 1015 sparsa;
1398 960 1564 1005 vocalis
1609 961 1758 1005 brevis
1798 957 1897 1017 ante
1934 961 2045 1006 duas

343 1037 638 1073 consonantes
685 1030 801 1086 apud
853 1029 1076 1075 Grattium
1124 1031 1216 1075 fere
1262 1043 1478 1088 nusquam
1511 1032 1780 1088 producitur,
1812 1039 1858 1076 ut
1889 1031 1944 1076 ad
1976 1043 2042 1078 vs.

350 1098 430 1142 144
462 1099 783 1144 adnotavimus.

405 1167 798 1215 Commemoratur
843 1173 962 1216 canis
1004 1181 1155 1216 noster
1202 1185 1226 1216 a
1261 1171 1461 1217 Martiale
1495 1172 1613 1216 XIV.
1645 1172 1735 1216 200
1779 1173 1917 1231 (canis
1948 1184 2046 1218 ver-

344 1240 511 1298 tragus)
531 1253 623 1285 non
642 1241 746 1296 sibi,
767 1242 852 1286 sed
874 1242 1060 1287 domino
1081 1247 1274 1287 venatur
1302 1246 1618 1299 vertragus
1648 1247 1816 1298 acer]
1833 1243 2043 1288 illaesum

343 1311 542 1366 leporem
587 1312 667 1368 qui
711 1313 796 1357 tibi
839 1313 975 1357 dente
1012 1312 1164 1370 feret,·
1212 1314 1286 1358 111.
1319 1314 1389 1369 47,
1444 1315 1486 1358 ll
1541 1315 1826 1370 leporemque
1865 1314 2043 1359 laesum

350 1380 515 1427 Gallici
543 1383 675 1428 canis
705 1384 862 1437 dente;
894 1384 1066 1429 Firmic.
1103 1385 1290 1429 Matern.
1326 1384 1463 1429 Math.
1499 1385 1553 1430 V.
1586 1385 1626 1429 8.

401 1523 502 1568 204.
566 1525 709 1570 ocior
755 1526 964 1571 adfectu
1011 1527 1209 1571 mentis
1255 1539 1536 1582 pennaque
1568 1527 1818 1572 cucurritt
1849 1527 2044 1572 cucurrit

349 1595 552 1648 ἀόριστος,
600 1597 669 1641 cf:
702 1610 766 1641 vs.
815 1597 896 1652 45;
944 1597 1068 1650 ocior
1112 1597 1299 1654 adfectu
1341 1598 1507 1642 mentis
1543 1609 1785 1654 pennaque
1814 1597 1868 1643 cf.
1905 1597 2039 1643 Hom.

351 1664 521 1723 Odyss.
556 1666 654 1712 VII.
686 1667 745 1712 36
791 1676 877 1709 τῶν
910 1667 993 1716 νέες
1025 1670 1162 1710 ὠκεῖαι
1194 1669 1248 1716 ὡς
1278 1670 1313 1710 εἴ
1341 1671 1489 1723 πτερὸν
1520 1671 1564 1721 ἠὲ
1596 1670 1744 1724 νόημα,
1780 1667 1875 1714 Cic.
1908 1667 2039 1714 Tusc-

349 1735 381 1780 Ι.
413 1737 472 1781 43
502 1737 620 1782 nihil
648 1742 721 1783 est
749 1739 906 1784 animo
936 1739 1149 1784 velocius.

399 1877 502 1925 205.
562 1880 780 1935 premit:
822 1892 1028 1936 premere
1069 1891 1133 1925 est
1174 1883 1229 1925 ita
1271 1894 1410 1938 prope
1453 1883 1621 1938 insequi
1663 1882 1815 1936 leram,
1847 1890 1893 1925 ut
1928 1881 2040 1925 elabi

342 1961 429 1994 non
475 1951 624 2006 possit,
666 1951 721 1995 cf.
770 1951 904 2009 Verg.
955 1952 1067 1996 Aen.
1106 1951 1136 1995 1.
1179 1951 1267 1995 324
1307 1955 1390 1995 aut
1428 1952 1688 2007 spumantis
1727 1952 1830 2007 apri
1859 1962 2040 1996 cursum

340 2020 537 2064 clamore
571 2025 878 2076 prementem,·
921 2022 1089 2079 Georg.
1125 2022 1198 2066 111.
1243 2023 1330 2066 413
1372 2023 1598 2078 ingentem
1638 2023 1834 2066 clamore
1860 2033 2041 2078 premes
2075 2051 2077 2053 -

341 2091 404 2134 ad
447 2092 565 2136 retia
609 2103 789 2137 cervum
798 2106 814 2147 ;
861 2093 934 2137 Sil.
971 2093 1061 2138 Ital.
1094 2093 1144 2137 X.
1186 2093 1266 2137 124
1297 2094 1422 2137 haud
1451 2106 1585 2138 secus
1615 2105 1670 2137 ac
1702 2093 1866 2148 Libyca
1886 2092 2040 2150 fetam

340 2161 499 2206 tellure
529 2163 738 2207 leaenam
768 2170 787 2216 s
818 2167 1008 2208 venator
1036 2164 1203 2219 premit
1234 2164 1423 2208 obsesso
1454 2176 1555 2208 cum
1587 2163 1782 2208 Maurus
1814 2164 1862 2207 in
1892 2167 2036 2208 antro.

399 2303 499 2348 207.
563 2306 797 2350 maturo.
816 2338 827 2350 .
846 2340 856 2350 .
910 2306 1054 2348 lusu:
1103 2305 1303 2350 Sternius
1334 2307 1479 2350 locum
1511 2308 1572 2350 sic
1604 2306 1820 2362 intelligit:
1858 2306 2039 2362 „quodsi

341 2375 451 2418 intra
496 2384 714 2419 maturum
762 2388 811 2419 ac
859 2377 1132 2421 moderatum
1179 2377 1322 2420 lusum
1369 2379 1610 2433 reprimere
1656 2377 1813 2433 gaudia
1858 2382 2038 2432 possent

340 2454 382 2489 et
423 2447 668 2489 continere.
687 2480 697 2490 .
718 2446 786 2501 .'';
830 2447 933 2490 mihi
978 2447 1084 2490 lusu
1115 2448 1286 2491 dativus
1318 2447 1455 2491 finalis
1487 2460 1585 2492 esse
1618 2447 1803 2501 videtur,
1835 2446 1888 2491 cf.
1922 2447 2036 2503 apud

343 2514 624 2572 Propertium
660 2516 710 2560 11.
744 2517 785 2560 3.
819 2516 858 2560 7.
890 2517 1063 2561 studiis
1094 2517 1285 2572 vigilare
1316 2518 1501 2562 severis.

401 2589 732 2641 pressantes:
765 2608 822 2623 =
855 2590 1170 2644 reprimentes;
1213 2589 1580 2645 frequentativum
1612 2602 1637 2633 e
1668 2601 1873 2633 sermone
1915 2588 2036 2631 fami-

341 2658 434 2701 liari
466 2658 667 2702 haustum
699 2668 778 2713 est,
812 2659 866 2702 cf.
900 2658 1116 2714 Schmalz,
1150 2658 1321 2716 Syntax
1354 2660 1443 2704 und
1475 2659 1655 2705 Stilistik
1675 2667 1706 2714 4,
1739 2672 1779 2716 p.
1813 2659 1914 2703 633.

395 2732 663 2783 pressantes
689 2729 866 2785 gaudia
896 2731 921 2772 i.
946 2742 982 2773 e.
1018 2742 1106 2774 non
1138 2730 1355 2775 latrantes.

400 2869 499 2917 208.
563 2871 917 2915 dissimulare:
967 2871 1208 2915 dissimulat
1254 2874 1372 2916 canis
1412 2872 1549 2927 feras,
1591 2872 1695 2915 dum
1727 2884 1801 2915 eas
1832 2872 2036 2927 ignorare

342 2942 514 2985 videtur
550 2942 604 2986 of.
637 2942 776 2986 Plaut.
812 2941 942 2986 Miles
978 2940 1172 2986 Glorios.
1206 2942 1308 2994 992,
1332 2944 1404 2987 ubi
1440 2942 1726 2999 Milphidippa
1757 2942 1880 2987 dicit:
1902 2939 2037 2985 dissi-

337 3012 537 3067 mulabo,
570 3012 654 3057 hos
686 3012 823 3068 quasi
853 3025 944 3057 non
973 3012 1167 3056 videam.

399 3153 500 3197 209.
562 3155 924 3210 metagontes:
973 3166 1133 3199 nomen
1182 3154 1309 3198 huius
1341 3157 1514 3212 generis
1545 3168 1701 3199 eanum
1734 3154 1848 3212 apud
1870 3153 2034 3198 nullum

2180 553 2210 592 h

2187 593 2210 707 i

2187 752 2203 779 ιχ

2190 883 2207 915 3.

2191 1582 2210 1603 u}
2189 1399 2210 1579 .2:}}ffl.‘1·'mffi
2176 1222 2210 1396 'ulf—“mas
2191 1201 2197 1207 Δ
2192 1157 2194 1161 ’
2196 1114 2199 1115 ’
2186 1106 2189 1107 ¹
2186 1027 2189 1034 ψ

2184 2219 2210 2315 :lha'afi
2188 2195 2192 2199 ⁶
2198 2146 2210 2167 =:
2199 1983 2210 2114 :insist-u
2197 1944 2209 1957 ⁶.
2201 1906 2207 1926 -α
2178 1761 2204 1881 <’<Α“”’Ἶῧ““”
2184 1716 2205 1738 -Ϊ
2197 1607 2210 1683 222·
