2210 3568
999 293 1058 337 23

220 422 313 472 Sed
343 435 450 469 num
480 423 579 468 licet
609 423 718 468 haec
749 422 900 467 afferri
930 423 985 467 ad
1016 431 1156 467 artem
1188 432 1346 480 poetae
1377 423 1745 468 detrectandam?
1779 423 1884 469 Non

70 479 151 573 ᾗ
136 497 348 556 &ophion
392 507 474 540 cur
513 495 720 540 nolumus
770 492 994 538 Grattium
1026 506 1193 539 novam
1225 507 1385 540 vocem
1422 494 1671 549 „nardifer”
1703 494 1885 553 fingere,

122 577 263 621 mm
299 565 517 622 „turifer”
549 578 574 610 a
605 566 726 631 nullo
757 565 1070 622 improbetur?

221 637 363 697 Quod
395 637 674 684 Pierleonius
704 645 863 695 poetae
893 645 1049 681 nostro
1081 638 1253 681 crimini
1285 639 1431 693 vertit,
1463 638 1585 694 quod
1602 639 1733 682 nimis
1750 649 1886 694 saepe

66 706 141 776 ,25³
140 708 301 758 &m
347 710 484 755 utitur
528 708 757 754 vocabulis
799 707 932 765 idque
963 708 1248 753 brevioribus
1278 709 1520 753 intervallis
1551 712 1702 765 (arma
1733 709 1884 763 vicies,

98 779 282 844 φας
311 781 451 828 semel
481 789 526 827 et
556 780 731 838 vicies),
764 779 873 824 haec
905 790 1015 824 vera
1046 780 1350 837 exprobratio.

153 851 161 869 '¹
219 850 311 900 Sed
370 853 502 898 etiam
530 852 635 934 ‘alia
681 853 725 896 in
770 849 938 946 'Grattii
988 849 1277 909 Cynegeticis
1318 860 1420 896 sunt
1466 864 1581 933 quae
1629 852 1884 897 Pierleonio

81 998 136 1058 ξἐῑς,
154 1004 267 1042 tono
306 994 496 1042 enfatico
527 994 780 1050 artificioso,
812 994 895 1040 che
926 995 964 1040 si
995 995 1147 1040 revela
1177 995 1492 1052 specialmente
1522 995 1637 1039 nelle
1666 995 1886 1051 frequenti

52 1062 106 1123 ξ
136 1064 402 1126 -apostrofl
417 1065 511 1126 (vv'.
558 1066 602 1123 6,
657 1065 754 1121 101,
799 1065 903 1122 209,
934 1065 1039 1122 211,
1071 1065 1177 1121 214,
1208 1065 1312 1120 250,
1343 1064 1447 1120 315,
1480 1065 1584 1120 427,
1615 1065 1737 1121 533),
1770 1066 1885 1111 nelle

154 1139 503 1197 interrogazioni
547 1138 707 1197 (quid?
752 1150 829 1183 vv.
860 1137 934 1193 92,
975 1137 1071 1193 117,
1110 1137 1208 1193 174,
1238 1136 1343 1192 399,
1374 1135 1496 1195 477),
1529 1137 1644 1181 nelle
1674 1137 1887 1181 esclama-

151 1211 295 1267 noni,
341 1209 499 1256 alcune
544 1204 659 1255 delle
699 1210 816 1267 quali
858 1209 1162 1267 lunghissime‚
1209 1221 1281 1254 ma
1313 1218 1422 1253 tutte
1453 1220 1482 1254 o
1515 1210 1653 1266 quasi,
1686 1220 1816 1253 come
1845 1208 1886 1252 le

154 1281 384 1340 apostrofl,
414 1283 629 1327 ricercate
660 1282 718 1326 ed
747 1290 978 1339 esagerate
1009 1280 1106 1338 (vv.
1138 1280 1212 1336 95,
1251 1279 1349 1336 176,
1381 1279 1484 1333 320,
1525 1279 1627 1335 427,
1645 1279 1884 1336 451,528),

46 1351 81 1410 ,ὲ
154 1353 320 1399 indizio
365 1365 456 1399 non
503 1354 547 1398 di
589 1354 739 1398 animo
780 1364 1038 1398 commosso
1069 1352 1125 1397 ed
1157 1353 1334 1410 agitato,
1366 1364 1438 1396 ma
1471 1352 1589 1397 dello
1620 1351 1771 1397 sforzo
1802 1351 1885 1396 che

45 1417 98 1467 “J
154 1425 196 1470 ii·
227 1434 358 1484 poeta
397 1424 442 1470 fa
472 1438 555 1483 per
585 1425 806 1470 sollevare
837 1437 887 1469 se
917 1433 1062 1469 stesso
1093 1436 1119 1470 e
1149 1425 1178 1468 il
1210 1424 1382 1479 lettore,
1414 1424 1595 1481 quando
1626 1424 1663 1468 si
1695 1434 1885 1480 aecorge

154 1496 242 1543 che
280 1497 339 1555 gli
379 1498 483 1543 vien
527 1509 662 1542 meno
697 1497 726 1541 il
759 1497 915 1554 vigore
947 1496 1048 1541 dell’
1079 1496 1465 1553 immaginazione.
1530 1493 1675 1550 Quasi
1706 1506 1884 1551 sempre

154 1577 312 1626 queste
357 1568 667 1614 esclamazioni
714 1580 740 1613 e
786 1566 999 1625 apostrofi
1045 1579 1244 1612 servono
1290 1567 1333 1611 di
1381 1568 1615 1625 passaggio
1647 1560 1885 1610 artificioso

157 1640 215 1686 ad
260 1653 322 1686 un
367 1640 571 1699 episodio
603 1665 620 1674 ·
653 1651 908 1698 purpureus
953 1639 1038 1684 late
1085 1640 1160 1696 qui
1206 1639 1436 1696 splendeat
1475 1650 1649 1696 pannus
1680 1662 1695 1671 ·
1725 1649 1884 1695 spesso

33 1746 44 1780 ζ.
76 1719 85 1724 “
154 1713 549 1770 spoporzionato‘'.

221 1854 362 1912 Quod
411 1855 467 1901 ad
513 1855 826 1912 apostrophus
871 1856 1036 1909 attinet,
1080 1855 1320 1912 pleraeque
1357 1853 1600 1898 intervallis
1631 1862 1719 1897 tarn
1752 1852 1884 1909 longe

156 1928 272 1973 inter
312 1939 363 1973 se
400 1928 660 1973 distantibus
700 1927 965 1974 adhibentur
999 1926 1060 1982 (6,
1100 1925 1195 1982 101,
1227 1925 1337 1981 209;
1370 1925 1473 1980 250,
1506 1925 1610 1979 315,
1642 1923 1746 1979 427,
1777 1923 1882 1979 533)

157 2009 205 2044 ut
251 2010 342 2044 non
388 2000 602 2045 molestae
649 1995 748 2044 sin't.
812 1999 1094 2044 Vocabulum
1140 1997 1288 2054 qaid?
1332 1999 1463 2042 nimis
1512 2009 1650 2054 saepa
1696 1998 1740 2040 in
1787 1996 1884 2040 eius

155 2072 355 2116 carmine
385 2071 586 2128 legimus,
617 2071 698 2116 sed
732 2070 956 2116 Grattium
991 2071 1076 2115 hoc
1109 2071 1216 2114 vitio
1248 2069 1454 2114 laborare
1485 2068 1803 2113 concessimus.

219 2142 290 2188 De
347 2142 765 2188 exclamationibus
816 2143 940 2187 aliter
993 2143 1136 2187 sentio
1183 2150 1314 2198 atque
1364 2140 1670 2192 Pierleonius;
1718 2140 1883 2195 quippe

33 2215 46 2236 ²
98 2238 102 2241 ·
155 2226 272 2272 quae
313 2215 419 2260 mihi
461 2224 725 2272 argumento
755 2216 841 2259 sint
872 2223 1075 2259 nostrum
1108 2222 1287 2270 poetam
1321 2213 1428 2256 artis
1460 2212 1690 2256 venaticae
1720 2212 1764 2254 in
1797 2222 1884 2266 qua

154 2295 276 2332 totus
306 2287 360 2331 sit
392 2298 547 2332 amore
578 2287 752 2332 ardere.

220 2356 414 2414 Quodsi,
445 2367 493 2403 ut
524 2370 663 2403 unum
705 2358 863 2403 demus
895 2357 1168 2414 exemplum,
1202 2356 1483 2401 Pierleonius
1518 2353 1742 2399 Granium
1776 2354 1883 2397 vitu-

115 2433 118 2435 ’
154 2439 283 2488 ,ρειαί
329 2430 388 2475 ob
434 2429 803 2474 exclamationem
849 2429 1025 2486 qualem
1073 2428 1260 2486 legimus
1300 2428 1356 2472 de
1400 2427 1600 2484 Dercylo
1632 2427 1880 2477 inventore,

157 2513 249 2546 non
279 2501 478 2546 meminit
512 2499 783 2546 Ciceronem
815 2512 994 2557 quoque
1025 2512 1184 2545 omnes
1215 2510 1412 2555 magnos
1443 2509 1622 2551 vocare,
1650 2496 1729 2553 qui
1746 2508 1881 2552 prae.-

153 2571 283 2617 sidia
325 2576 488 2617 contra
524 2571 666 2630 feras
711 2571 972 2616 invenerint
1021 2570 1219 2629 (Tuscul.
1270 2570 1300 2615 I.
1343 2570 1420 2627 25)
1467 2569 1649 2623 AudiaS,
1698 2580 1879 2625 quaes0,

156 2645 386 2700 quomodo
433 2643 600 2689 Cicero
647 2644 781 2701 paulo
828 2653 928 2689 ante
971 2644 1028 2688 de
1059 2644 1155 2701 ipsa
1186 2644 1445 2687 inventione
1476 2642 1658 2686 iudicet:
1696 2638 1881 2697 ,ραίαὲ

154 2714 240 2759 illa
273 2716 348 2760 vis
378 2727 497 2772 quae
527 2716 717 2760 tandem
747 2718 832 2770 est,
865 2726 985 2771 quae
1015 2714 1267 2770 investigat
1297 2714 1491 2768 occulta,
1523 2724 1643 2768 quae
1674 2711 1878 2755 inventio

157 2789 296 2843 atque
341 2787 618 2844 excogitatio
665 2786 867 2831 dicitur?
936 2787 1009 2832 Ex
1054 2786 1201 2831 hacne
1246 2785 1331 2830 tibi
1375 2789 1557 2829 terrena
1606 2781 1879 2836 mortalique

154 2862 326 2904 natura
357 2862 403 2903 et
432 2859 609 2904 caduca
638 2862 850 2904 concreta
881 2870 939 2903 ea
969 2858 1170 2903 videtur.
1191 2893 1200 2902 .
1219 2857 1293 2902 .P’'

219 2930 322 2976 Noli
354 2933 486 2989 igitur
515 2940 692 2988 poetam
725 2930 940 2987 inflatum
970 2930 1149 2985 ducere,
1182 2929 1302 2987 quod
1335 2941 1400 2973 vs
1433 2927 1521 2972 427
1553 2928 1610 2971 ita
1642 2926 1776 2970 canit:

453 3013 482 3045 ο
513 3013 665 3045 rerum
697 3000 896 3057 prudens
927 3008 1135 3063 quantam
1167 2998 1441 3056 experientia
1473 2997 1609 3052 vulgo

456 3074 684 3117 materiem
716 3059 869 3128 largita
899 3072 1054 3116 boni..

0 3158 17 3244 ἒ,
222 3143 283 3189 Ut
329 3144 459 3188 nobis
505 3144 775 3188 luculentum
823 3143 1080 3200 exemplum
1128 3142 1201 3186 det
1236 3141 1437 3186 eiusdem
1469 3139 1582 3182 illius
1613 3137 1746 3181 inflati
1777 3136 1876 3191 stili,

155 3214 259 3258 citat
290 3215 442 3259 laudes
474 3216 633 3271 quibus
669 3213 872 3260 Grattius
908 3214 1178 3271 Hagnonem
1212 3222 1363 3258 ornat:
