2210 3568
0 1453 17 1615 '‹'›-;·¹·ss-D·-2¹.y

0 1867 8 1875 ⁴
0 1847 19 1862 'g
0 1822 14 1840 ’ἢ
0 1695 17 1807 &ww
0 1617 10 1690 naz-:x

59 693 66 698 ,-
59 592 61 594 ·
61 562 66 568 .
48 516 51 518 ’
62 482 67 488 .
61 335 63 338 -
63 303 65 305 .
52 279 61 288 ¹
49 251 51 255 Δ
46 211 67 236 ’γ’
64 166 65 169 Α
56 144 58 149 “
51 102 55 111 “
67 75 69 79 i

71 198 82 203 ῖ
79 148 81 150 ,
75 109 78 113 ν
71 81 83 91 “.
70 26 94 70 249.

1041 252 1070 296 3

186 390 243 426 ut
275 379 500 426 Grattium
527 383 657 426 etiam
680 382 900 426 Bucolica
918 383 1151 439 scripsisse
1176 382 1369 429 Ovidius
1392 383 1710 429 testificaretur.
1747 385 1917 431 Neuter

187 462 358 508 tamen,
390 462 436 498 ut
468 453 608 508 videS,
641 453 838 498 feliciter.

255 523 623 581 Riesius»(Ovid.
656 525 759 570 edit.
793 524 870 580 111,
903 538 945 582 p.
980 524 1148 583 XXXI)
1171 536 1292 583 putat
1313 538 1570 571 sermonem
1592 539 1692 573 esse
1713 528 1770 573 de
1787 538 1916 585 poeta

186 592 324 640 nobis
355 597 523 654 ignoto,
555 597 626 641 cui
656 608 822 641 nomen
853 595 984 641 fuerit
1017 597 1201 651 Passer,
1233 597 1458 653 ediditque
1494 598 1677 654 Tityron
1696 599 1918 655 antiquas

196 667 460 723 Passerque
474 667 644 712 rediret
659 667 722 712 ad
737 667 904 712 herbas
933 668 1011 726 (=
1031 680 1160 721 „cum
1178 667 1342 713 Passer
1357 669 1461 718 <ad>
1477 667 1682 727 Tityrum
1699 672 1920 728 antiquas-

187 750 284 796 que
306 739 467 784 herbas
489 738 714 797 rediret'’).
739 739 904 784 Melius
924 739 1066 796 placet
1091 737 1270 784 Owenii
1292 741 1569 784 coniectura:
1597 741 1779 796 Tityron
1799 742 1920 787 anti-

187 820 316 866 quas
322 814 563 866 pastorem
575 810 745 855 exciret
754 810 818 855 ad
829 810 997 855 herbas
1009 826 1019 866 ;
1033 811 1086 855 cf.
1104 812 1234 855 etiam
1262 810 1459 867 Ehwald,
1480 811 1695 857 Bursians
1708 813 1918 869 Jahresb.

193 881 267 937 43,
301 895 342 939 p.
383 883 457 926 141
486 892 528 927 et
557 881 661 938 143;
702 882 797 937 109,
830 895 870 939 p.
904 881 1015 936 273;
1052 880 1260 937 Cramer,
1280 882 1427 927 Fleck.
1446 883 1600 939 Jahrb.
1632 884 1728 940 153,
1754 899 1795 942 p.
1814 885 1916 930 640.

255 951 346 999 Sed
394 964 539 998 tamen
587 946 737 999 locus'
760 954 891 998 nimis
937 954 1147 1008 incertus,
1190 963 1237 997 ut
1268 965 1324 998 eo
1355 953 1454 999 freti
1490 953 1668 1001 Grattio
1700 956 1919 1002 Bucolica

187 1026 435 1070 attribuere
467 1026 708 1083 possimus.

255 1166 458 1214 Sternius
502 1169 705 1226 (praesat.
748 1168 848 1227 XX)
886 1168 1045 1214 collato
1079 1181 1214 1214 versu
1248 1167 1417 1213 Manilii
1449 1168 1524 1227 (11.
1558 1169 1633 1228 43)
1664 1181 1766 1215 ecce
1795 1171 1920 1215 alias

183 1239 346 1296 pictas
406 1240 616 1285 volucres
672 1251 727 1285 ac
788 1240 907 1285 bella
947 1238 1165 1297 ferarum
1215 1239 1439 1285 Grattium
1485 1252 1597 1297 epos
1645 1254 1823 1299 quoque
1863 1242 1920 1287 de

188 1311 397 1368 aucupio
428 1313 662 1369 scripsisse
695 1313 888 1370 putabat.

259 1382 320 1428 Ut
351 1384 546 1429 iudicare
577 1385 815 1441 possimus,
846 1394 995 1430 utrum
1017 1385 1126 1429 haec
1149 1383 1313 1429 Sternii
1334 1385 1486 1441 opinio
1513 1396 1622 1429 vera
1643 1386 1698 1430 sit
1718 1397 1774 1429 an
1795 1385 1918 1440 Falsa,

189 1464 312 1500 totus
342 1455 469 1500 locus
502 1455 673 1500 Manilii
705 1465 909 1501 accurate
939 1456 1264 1500 examinandus
1295 1465 1375 1500 est.
1611 1469 1614 1472 ’

257 1526 576 1572 Exscribamus
612 1528 743 1584 igitur
782 1539 862 1572 eos
905 1526 1254 1572 Astronomicon
1295 1527 1393 1571 libri
1433 1527 1616 1571 secundi
1657 1540 1832 1583 versus,
1865 1528 1920 1572 de

188 1599 355 1656 quibus
386 1600 440 1643 lis
470 1608 558 1654 est;
590 1608 826 1656 postquam
858 1608 990 1656 poeta
1021 1597 1370 1643 Astronomicon
1401 1598 1458 1643 de
1484 1598 1691 1643 Homero
1716 1598 1920 1644 Hesiodo

191 1671 440 1728 poetisque,
470 1673 544 1728 qui
574 1675 810 1724 φαινόμενα
841 1682 884 1716 et
915 1670 1129 1726 διοσημεῖα
1161 1671 1416 1725 tractabant,
1448 1672 1636 1728 scripsit,
1661 1673 1719 1716 ita
1750 1673 1919 1729 pergit:

255 1742 314 1787 39
344 1744 450 1800 quin
481 1744 613 1788 etiam
646 1755 862 1800 pecorum
894 1744 1003 1788 ritus
1034 1752 1077 1788 et
1110 1742 1235 1787 Pana
1266 1751 1499 1787 sonantem

227 1850 229 1853 .
253 1814 314 1859 40
343 1816 387 1859 in
420 1815 615 1860 calamos
644 1813 805 1860 Sicula
836 1824 1053 1859 memorat
1085 1814 1248 1859 tellure
1276 1817 1482 1869 creatas;

255 1886 306 1930 41
345 1898 429 1931 nec
459 1886 582 1932 silvis
613 1886 819 1932 silvestre
850 1888 964 1931 canit
995 1898 1166 1944 perque
1196 1886 1378 1931 horrida
1410 1896 1558 1930 motus

252 1957 314 2002 42
343 1969 450 2002 rura
481 1959 588 2003 serit
619 1958 759 2003 dulcis
791 1969 1054 2015 musamque
1085 1958 1250 2002 inducit
1281 1959 1325 2002 in
1358 1969 1481 2003 arva.

252 2029 313 2073 43
343 2041 449 2074 ecce
480 2030 591 2074 alius
623 2031 762 2087 pictas
795 2030 1004 2075 volucres
1034 2041 1085 2074 ac
1117 2029 1229 2074 bella
1261 2028 1474 2084 ferarum,

256 2101 314 2145 44
344 2101 415 2146 ille
447 2111 693 2146 venenatos
723 2102 893 2159 anguis,
926 2101 996 2146 hic
1029 2101 1066 2158 ’1-
1100 2110 1201 2145 nata
1232 2113 1315 2158 per
1347 2101 1384 2158 †
1418 2100 1579 2146 herbas

257 2173 315 2216 45
347 2172 432 2217 l'ata
463 2172 599 2218 resert
631 2174 855 2230 vitamque
886 2184 967 2217 sua
999 2172 1147 2217 radice
1178 2171 1373 2217 Ferentis.

260 2243 367 2288 Non
414 2254 558 2301 potest
603 2256 704 2289 esse
749 2244 933 2288 dubium
980 2245 1085 2301 quin
1134 2256 1295 2289 versus
1335 2243 1516 2289 39-42
1546 2244 1602 2288 ad
1640 2243 1923 2289 Theocritum

193 2313 534 2372 Syracusanum
580 2324 802 2372 spectent;
850 2327 994 2372 neque
1043 2317 1141 2360 viro
1187 2316 1320 2361 docto
1358 2315 1535 2361 Breiter
1579 2314 1664 2372 (M.
1700 2315 1921 2360 Manilius'

200 2385 512 2431 Astronomica
543 2398 633 2431 von
667 2386 855 2442 Breiter,
891 2386 929 2430 11
965 2386 1259 2432 Kommentar
1290 2400 1332 2445 p.
1365 2387 1443 2443 43)
1469 2388 1718 2432 concedere
1739 2399 1922 2445 possum

191 2458 328 2502 simul
374 2458 430 2502 de
479 2457 677 2515 Vergilio
723 2470 980 2503 sermonem
1023 2471 1124 2503 esse
1166 2459 1317 2503 verbis
1359 2458 1518 2504 Sicula
1549 2460 1711 2504 tellure
1741 2462 1924 2503 creatus

192 2529 300 2575 huic
332 2530 529 2587 opinioni
560 2530 850 2574 obstantibus.

259 2600 407 2646 Versu
472 2600 530 2645 43
577 2600 697 2644 bella
733 2599 950 2658 ferarum
996 2602 1051 2646 ad
1101 2589 1326 2648 Grattium
1373 2612 1577 2660 spectare
1625 2601 1822 2659 Scaliger
1861 2603 1922 2658 (in

192 2682 439 2718 comment.
472 2672 527 2716 ad
562 2672 794 2717 Manilium
826 2687 870 2729 p.
908 2673 1003 2728 104,
1035 2675 1105 2718 ed.
1129 2675 1313 2732 Argent.
1344 2675 1472 2727 1655)
1494 2676 1663 2732 primus
1684 2673 1921 2728 contendit,

192 2756 332 2802 ‘quem
379 2746 515 2790 secuti
563 2755 663 2789 sunt
708 2743 896 2801 Teuffel,
935 2745 1125 2800 Breiter,
1160 2746 1317 2790 Edwin
1351 2746 1528 2791 Miiller.
1593 2745 1742 2790 Verba
1769 2743 1923 2800 pictas

198 2816 408 2861 volucres
451 2818 537 2872 (vs,
586 2815 662 2872 43)
712 2826 755 2861 et
803 2829 961 2862 versus
992 2817 1063 2870 44,
1097 2817 1154 2862 45
1186 2818 1242 2863 de
1275 2817 1465 2863 Aemilio
1499 2817 1657 2862 Macro
1689 2817 1773 2861 dici
1805 2816 1921 2860 idem

202 2886 399 2944 Scaliger
431 2897 474 2932 et
506 2888 574 2932 alii
597 2889 804 2945 suspicati
837 2898 952 2943 sunt,
985 2890 1098 2934 inter
1119 2901 1234 2946 quos
1255 2899 1406 2934 nostra
1428 2899 1567 2934 aetate
1591 2888 1820 2932 Breiterus
1842 2897 1921 2932 est.

264 2957 657 3016 Comparaverunt
688 2961 806 3004 enim
842 2958 980 3005 Ovid.
1004 2959 1136 3006 Trist.
1158 2961 1235 3006 IV.
1260 2961 1312 3005 lO
1333 2960 1392 3007 43
1412 2949 1555 3016 saepe
1579 2971 1694 3003 suas
1715 2958 1923 3003 volucres

201 3030 313 3086 legit
359 3030 473 3075 mihi
515 3030 741 3086 grandior
778 3042 896 3075 aevo
926 3035 946 3086 s
978 3043 1187 3088 quaeque
1230 3035 1363 3077 nocet
1400 3038 1605 3087 s‘erpenS,
1644 3041 1763 3085 qaae
1794 3029 1924 3074 iuvat

200 3101 356 3156 herba,
389 3101 559 3155 Macer,
602 3115 715 3159 quae
760 3102 903 3147 Macri
939 3102 1312 3161 Ornithogoniam
1344 3112 1387 3148 et
1418 3102 1632 3147 Theriaca
1663 3099 1919 3158 significant.

201 3171 461 3228 Quominus
492 3174 601 3218 haec
634 3175 690 3218 ita
722 3187 822 3219 esse
854 3175 1103 3230 credamus,
1135 3175 1310 3220 obstant
1334 3174 1589 3231 complures
1611 3185 1705 3216 res:
1729 3173 1921 3229 primum
