2210 3568
1210 242 1261 287 18

374 386 475 418 cum
506 373 716 418 cassibus
745 374 940 417 iunctum
970 382 1089 417 recte
1109 385 1158 417 se
1173 372 1315 427 habet,
1332 384 1435 416 nam
1451 373 1688 417 exordium
1709 375 1888 430 proprie
1905 373 1960 418 de
1974 374 2073 419 tela

375 444 603 489 adhibetur
632 457 764 500 quam
794 446 995 487 textores
1025 443 1161 487 ordiri
1187 452 1440 500 coeperunt,
1464 442 1517 487 cf.
1543 442 1726 500 Quintil.
1741 443 1794 488 V.
1820 443 1885 488 10.
1902 443 1953 488 71
1978 452 2077 490 nou

371 526 565 570 possum
580 517 735 570 togam
743 516 1028 569 praetextam
1040 525 1238 569 sperare,
1251 525 1352 558 cum
1374 525 1400 557 e
1409 525 1440 558 x
1449 525 1477 558 o
1488 514 1572 558 rdi
1583 526 1613 558 ιι
1625 526 1670 559 m
1683 514 1859 570 pullum
1873 514 2071 569 videam

376 585 493 643 apud
528 583 747 629 Catonem
779 585 834 629 de
857 584 907 628 R.
933 584 984 628 R.
1013 583 1097 629 136
1116 583 1318 641 funem
1348 585 1622 629 exordiri
1652 589 1832 640 oportet
1862 596 1956 642 eqs.

439 654 723 712 Quamquam
769 655 877 700 haec
920 657 1218 712 interpretatio
1264 655 1369 710 mihi
1416 669 1520 701 vera
1566 656 1751 711 videtur,
1798 668 1888 701 non
1931 666 2075 702 tamen

378 738 492 783 nego
522 738 619 770 eam
650 727 754 770 satis
785 726 941 770 duram
971 738 1084 781 esse,
1115 735 1383 783 quapropter
1413 726 1505 782 fuit,
1537 739 1637 771 cum
1668 728 1917 772 conicerem
1949 739 2081 773 voca-

378 797 527 841 bulum
572 807 803 840 armorum
833 808 922 841 non
956 806 1111 853 poetae
1144 809 1275 841 manu
1306 809 1405 841 esse
1435 799 1659 854 scriptum,
1691 798 1769 842 sed
1800 797 1912 843 hanc
1941 797 2078 847 misse

378 880 531 912 veram
562 867 722 912 horum
755 879 965 911 versuum
996 866 1211 912 formam:

674 949 896 982 nexuram
927 950 1074 983 casses
1104 938 1322 995 plagiique
1352 939 1550 992 exordia,
1582 940 1724 994 restis,

674 1010 816 1065 prima
844 1009 992 1053 iubent
1023 1010 1141 1054 tenui
1172 1018 1424 1054 nascentem
1455 1010 1637 1066 iungere
1670 1008 1742 1053 filo

677 1079 858 1123 limbum
870 1112 880 1123 .
899 1112 910 1123 .
928 1111 941 1124 .

440 1149 604 1195 Vitium
645 1151 750 1194 mihi
786 1159 879 1194 tum
919 1151 982 1195 sic
1019 1160 1165 1195 ortum
1206 1149 1449 1205 videbatur,
1481 1159 1527 1194 ut
1557 1162 1690 1207 supra
1721 1152 1887 1195 initium
1919 1162 2078 1196 versus

379 1221 451 1274 24,
497 1221 571 1265 ubi
617 1230 745 1277 poeta
790 1221 845 1265 de
895 1220 1039 1265 armis
1085 1233 1216 1278 agere
1261 1221 1422 1277 incipit,
1469 1221 1733 1265 scriberetur
1772 1233 1917 1277 arma,
1957 1221 2077 1280 quod

380 1293 574 1348 priorem
606 1293 729 1336 vocis
744 1302 967 1335 nexaram
982 1300 1150 1347 partem
1167 1291 1418 1348 expelleret.
1452 1290 1499 1335 Si
1520 1292 1582 1335 sic
1605 1292 1891 1349 corrigamus,
1912 1293 2081 1337 subiec-

380 1374 471 1407 tum
510 1363 634 1408 verbi
666 1362 821 1406 iubent
849 1362 1037 1407 habendi
1068 1363 1153 1406 sint
1183 1362 1271 1406 viri
1300 1362 1418 1406 artis
1447 1362 1648 1406 venandi
1674 1362 1826 1418 periti,
1854 1361 1907 1407 cf.
1932 1375 1996 1407 vs,
2019 1362 2078 1407 58

380 1437 549 1478 vetant.
599 1431 965 1478 Commemoravi
1011 1434 1306 1477 coniecturam
1351 1445 1508 1477 eorum
1538 1445 1728 1487 causam,
1761 1434 1918 1489 quibus
1947 1435 2079 1478 inter-

382 1506 566 1561 pretatio
590 1514 735 1549 textus
766 1504 908 1548 traditi
939 1505 1067 1547 nimis
1099 1504 1271 1548 videtur
1302 1503 1424 1548 dura.

441 1575 630 1619 24—33.
653 1574 713 1619 Ut
729 1575 865 1629 locus,
882 1587 1013 1631 quem
1030 1587 1145 1619 nunc
1161 1575 1403 1619 enarraturi
1415 1587 1581 1630 sumus,
1594 1575 1648 1618 ab
1664 1575 1869 1618 omnibus
1884 1575 2078 1631 partibus

383 1647 642 1703 perspicuus
673 1644 757 1699 fiat,
789 1645 918 1702 paulo
949 1644 1087 1689 fusius
1118 1645 1173 1690 de
1205 1646 1368 1690 retibus
1400 1657 1642 1702 eorumque
1673 1658 1756 1689 usu
1787 1657 1980 1701 agemus.

448 1716 591 1762 Usum
622 1717 779 1760 retium
811 1717 1115 1772 perantiquum
1147 1728 1246 1760 esse
1277 1716 1494 1760 novimus.
1542 1715 1747 1772 Aegyptii
1778 1716 1942 1760 retibus
1974 1728 2082 1760 aves

384 1789 612 1845 captabant
641 1782 711 1845 (cf.
745 1785 1009 1841 Wilkinson,
1041 1785 1253 1831 Manners
1281 1787 1366 1830 and
1392 1784 1604 1830 Customs
1627 1786 1701 1841 111,
1726 1799 1766 1842 p.
1790 1785 1878 1844 37),
1902 1785 2078 1843 Assyrii

385 1871 544 1904 cervos
589 1858 827 1913 damasque
873 1856 1037 1914 (place,
1080 1857 1243 1902 Ninive
1285 1866 1327 1901 et
1367 1856 1597 1913 l'Assyrie,
1643 1857 1726 1901 tab.
1761 1855 1878 1908 LVI,
1918 1855 1968 1915 l).
2033 1857 2081 1901 1n

385 1942 491 1974 vase
525 1928 766 1985 Vaphionis
794 1938 946 1972 taurus
972 1928 1093 1972 ferus
1114 1928 1359 1985 depingitur
1389 1937 1481 1972 rete
1506 1936 1672 1984 captus,
1694 1927 1812 1983 quod
1833 1928 1946 1971 inter
1966 1927 2075 1972 duas

385 2009 551 2044 tentum
597 2009 662 2043 est
708 2000 903 2053 arbores,
951 1998 1003 2043 cf.
1068 1998 1226 2043 Perrot
1273 2008 1315 2043 et
1359 1996 1560 2054 Chipiez,
1604 1997 1718 2042 Hist.
1766 1998 1822 2042 de
1860 1998 1969 2053 l'art,
2011 1998 2075 2043 VI

386 2072 470 2115 tab.
504 2070 601 2125 XV,
635 2070 704 2126 fig.
738 2070 838 2113 369.

445 2140 584 2185 Etiam
618 2140 821 2185 Homero
853 2142 959 2184 retia
990 2150 1093 2184 nota
1122 2149 1236 2194 sunt,
1269 2139 1320 2183 cf.
1346 2139 1391 2183 Il.
1427 2139 1480 2184 V.
1513 2139 1599 2183 487
1630 2140 1684 2193 μή
1717 2155 1807 2187 πως
1828 2140 1883 2187 ὥς
1913 2141 2078 2195 ἀψῖσι
2106 2140 2111 2145 “

385 2211 542 2253 λίνου
575 2215 883 2263 πανάγροιο
915 2209 1357 2265 Ραλόντεςβοῖνδράσι
1389 2209 1676 2263 δυσμενέεσσιν
1706 2209 1811 2264 ἕλωρ
1843 2211 1912 2251 καὶ
1934 2210 2072 2262 κύρμα

386 2283 577 2338 γένησθε.

446 2353 577 2410 Apud
610 2352 1155 2409 Pseudo-Xenophontem,
1188 2353 1534 2408 antiquissimum
1556 2353 1712 2396 harum
1729 2364 1878 2396 rerum
1894 2351 2078 2404 fontem,

387 2433 589 2481 quattuor
620 2433 920 2468 memorantur
950 2435 1111 2480 genera
1133 2425 1314 2467 retium:
1350 2421 1524 2479 Cyneg.
1556 2421 1598 2477 2,
1628 2422 1745 2466 4-8
1764 2421 1905 2475 ἄρκυς,
1925 2419 2079 2472 ἐνόδια,

387 2494 552 2547 δίκτυα,
577 2506 690 2550 quae
716 2494 770 2536 ad
783 2494 957 2549 lepores
973 2494 1211 2550 captandos
1228 2493 1510 2548 adhibentur3
1528 2496 1689 2548 quarto
1702 2503 1869 2548 genere
1884 2490 2080 2549 (Cyneg.

394 2565 459 2620 10,
490 2564 536 2623 2)
567 2564 759 2608 firmiore
791 2576 920 2620 quam
950 2564 1020 2607 illa
1052 2573 1285 2608 venatores
1315 2570 1496 2607 utuntur
1526 2563 1580 2607 ad
1611 2574 1742 2619 apros
1773 2562 2023 2618 captandos.

452 2635 527 2690 „In
558 2635 783 2691 hunting’‘,
815 2636 950 2691 inquit
983 2649 1023 2679 v.
1057 2635 1097 2678 d.
1117 2634 1260 2690 Yates,
1279 2633 1896 2690 TextrinumAntiquorum,1
1921 2646 1962 2689 p.
1981 2633 2083 2687 414,

394 2708 448 2760 „it
494 2719 586 2749 was
630 2706 754 2749 usual
799 2714 844 2749 to
890 2706 1051 2750 extend
1097 2715 1192 2750 nets
1237 2708 1280 2750 in
1328 2719 1351 2750 a
1393 2705 1559 2749 curved
1590 2705 1675 2748 line
1705 2703 1754 2747 of
1781 2703 2081 2748 considerable

389 2777 536 2834 length
575 2775 645 2834 (cf.
698 2775 888 2832 Oppian.
922 2775 1077 2832 Apam.
1115 2775 1232 2832 Cyn.
1269 2776 1346 2831 1V,
1385 2773 1642 2833 120—123),
1674 2786 1725 2818 so
1757 2787 1804 2818 as
1835 2775 1879 2818 in
1911 2782 2006 2831 part
2037 2782 2083 2817 to

389 2848 611 2892 surround
657 2860 681 2891 a
727 2859 872 2903 space,
919 2848 1009 2890 into
1057 2846 1199 2890 which
1222 2868 1226 2872 *
1246 2847 1319 2890 the
1367 2848 1510 2891 beasts
1540 2845 1589 2890 of
1615 2840 1761 2899 chase,
1794 2843 1901 2888 such
1933 2855 1981 2888 as
2011 2843 2083 2887 the

391 2920 514 2973 boar,
560 2918 632 2963 the
677 2917 778 2962 wild
824 2926 937 2974 goat,
984 2917 1056 2960 the
1102 2917 1221 2971 deer,
1268 2918 1340 2961 the
1371 2918 1491 2972 hare,
1522 2916 1595 2960 the
1625 2916 1727 2970 lion,
1760 2915 1846 2958 and
1874 2914 1954 2958 the·
1978 2914 2085 2958 bear

391 2990 526 3046 might
558 2990 612 3034 be
643 2989 798 3033 driven
829 2988 1018 3044 through
1050 2987 1121 3031 the
1153 2989 1343 3044 opening
1374 2987 1447 3032 left
1478 2999 1535 3031 on
1568 2998 1653 3030 one
1684 2987 1821 3030 side.''

453 3058 727 3104 Conabimur
757 3071 873 3103 nunc
905 3059 1073 3115 singula
1105 3060 1260 3102 retium
1291 3071 1454 3115 genera
1485 3058 1727 3102 accuratius
1757 3056 2020 3100 describere.

452 3143 488 3174 a.
531 3130 859 3186 Ps-Xenophon
904 3131 1036 3182 ἄρκυν
1082 3129 1334 3173 describens
1379 3129 1436 3187 (6.
1483 3128 1528 3186 7)
1567 3137 1609 3172 et
1650 3128 1729 3172 alia
1770 3127 1869 3172 dicit
1899 3136 1941 3171 et
1974 3126 2084 3169 haec
