2210 3568
936 233 993 278 77

60 407 61 410 ¹
107 391 113 400 ·
161 364 265 414 232.
327 366 598 424 propioris
628 364 859 422 pignora
888 362 1046 408 lucri:
1080 363 1264 420 vestigia
1296 361 1417 407 ferae
1439 361 1619 405 alterius
1641 361 1826 418 propius

29 436 55 465 ”-
95 436 302 495 *uicatim
349 439 533 496 vestigia
581 438 767 495 pignora
815 444 916 480 sunt
961 435 1102 479 feram
1150 433 1320 478 adesse.
1400 433 1531 478 Vetat
1577 433 1707 490 igitur
1753 431 1826 476 lex

34 507 51 539 ³
70 544 82 551 .·
103 520 263 559 eonem
293 517 512 567 concepto
542 507 681 553 semel
712 507 852 552 odore
883 506 1112 559 desistere,
1145 505 1199 548 cf.
1234 505 1403 549 Aelian.
1427 504 1543 548 I-Iist.
1574 516 1647 555 an.
1669 503 1775 548 VIII
1798 502 1827 546 2

58 622 59 625 ,
103 581 143 624 εἰ
171 579 214 625 δὲ
246 580 436 639 ι’χνεύσειε
460 579 532 638 -(si
565 579 749 636 vestigia
781 575 1083 635 deprenderit)
1122 577 1192 617 καὶ
1234 577 1341 631 ὀσμῇ
1371 591 1454 617 τινι
1485 573 1711 631 προσπέσοι
1743 590 1827 616 που

32 635 40 697 ζ’.
106 652 502 710 θηρίου,-ἐνταῦ,θα
533 651 725 705 ἕστηκεν
757 650 783 691 ὁ
810 648 853 691 δὲ
886 646 1114 702 κυνηγέτης
1147 647 1309 704 ἔρχεται
1341 646 1519 702 πλησίον
1556 647 1628 688 καὶ
1659 647 1680 687 ὃ
1713 646 1826 688 κύων

39 736 47 787 .’
104 724 326 781 ’περιχαρὴς
370 730 425 778 τῇ
464 722 628 778 εὐερμίᾳ
670 718 730 762 ὣν
773 718 963 762 αῖκάλλει
1002 721 1076 760 τὸν
1119 718 1325 773 δεσπότην
1368 720 1437 760 καὶ
1468 716 1579 772 φιλεῖ
1607 718 1666 759 τὼ
1711 716 1825 759 πόδε.

33 796 54 834 f
107 796 200 838 καὶ
243 792 434 837 πάλιν·
472 800 546 847 τῆς
593 790 647 842 ἐξ
692 791 854 849 ἀρχῆς
911 791 1201 848 ῖχνεύσεως
1249 789 1430 846 ἔχεται
1477 791 1568 831 καὶ
1613 790 1828 845 πρόεισι

31 867 34 927 J
105 864 288 925 βάδην
335 863 442 907 ’ἐστ’
483 866 549 906 ἂν
586 864 859 919 (ἐφίκηται
891 864 1023 918 πρὸς
1055 864 1152 915 τὴν
1185 862 1375 916 κοίτην
1409 863 1478 902 καὶ
1519 860 1748 915 περαιτέρω
1780 861 1829 902 οὐ

38 934 40 937 ’
69 962 77 968 -
106 938 304 995 πρόεισιν.
340 932 414 982 Cf.
448 934 605 981 Silium
638 935 771 980 Italic.
791 934 831 979 X
847 934 920 979 81.
953 946 1046 979 non
1066 933 1196 977 sistit
1217 932 1313 977 nisi
1335 935 1603 988 conceptum
1623 935 1829 977 sectatus

107 1007 298 1055 odorem
327 1012 347 1063 s
377 1006 619 1064 deprendit
649 1006 822 1063 spissis
853 1017 1028 1051 arcana
1058 1005 1229 1050 cubilia
1260 1004 1429 1048 dumiS.

166 1113 270 1160 233.
317 1114 498 1170 ample
539 1125 625 1158 us:
657 1113 712 1159 cf.
732 1112 1045 1158 Pseudo-Xen.
1077 1111 1119 1156 3.
1150 1111 1181 1156 6
1211 1114 1286 1154 εἰσὶ
1319 1111 1356 1155 δ’
1388 1114 1434 1154 αἳ
1463 1110 1628 1160 κύκλοις
1657 1108 1830 1159 πολλοῖς

24 1184 37 1213 '³
109 1187 316 1244 χρώμεναι
361 1186 434 1228 καὶ
469 1203 503 1227 π
531 1188 648 1233 άνοις
679 1183 1184 1241 ὑπολαμβάνουσαι
1229 1185 1273 1225 ἐκ
1318 1191 1395 1225 τοῦ
1434 1183 1622 1239 πρόσθεν
1652 1184 1708 1225 τὰ
1739 1182 1832 1240 ἰ’χνη

24 1252 34 1314 J
107 1255 417 1314 παραλείπουσι
447 1259 523 1299 τὸν
555 1255 686 1309 λαγῶ.

167 1327 491 1375 effunderet:
554 1320 812 1373 Vollmerus
859 1327 1081 1384 vulgatam
1127 1325 1386 1383 offenderet
1431 1325 1625 1371 defendit
1677 1335 1832 1372 contra

27 1404 34 1455 ᾗ
111 1399 339 1446 Iohnsonii
397 1401 699 1446 coniecturam
761 1398 1033 1456 effunderet,
1099 1400 1319 1455 vertitque
1385 1401 1597 1453 peccaret
1658 1401 1830 1452 contra,

19 1484 30 1532 j.
109 1471 301 1518 inutiles
354 1471 567 1516 redderet
574 1484 591 1525 ,·
634 1470 841 1528 equidem
878 1470 1086 1515 desidero
1128 1469 1336 1527 exempla
1378 1482 1403 1514 e
1448 1469 1607 1526 quibus
1649 1478 1832 1526 apparet

13 1564 28 1607 j
70 1530 77 1545 ‘
107 1542 346 1601 offendere
381 1546 516 1588 actus
547 1555 647 1588 eam
680 1543 770 1588 vim
804 1542 970 1587 habere
1004 1554 1137 1599 posse
1169 1554 1302 1598 quam
1337 1541 1528 1598 postulet
1561 1540 1829 1586 Vollmerus.

17 1610 28 1666 '2
110 1613 364 1673 Effundere
409 1623 565 1660 contra
611 1614 790 1672 egregie
835 1613 1084 1658 dei'enditur
1128 1613 1264 1670 Verg.
1311 1611 1483 1670 Georg.
1527 1611 1604 1657 IV.
1638 1611 1719 1656 491
1770 1610 1834 1655 ibi

3 1683 32 1736 ἑ,
108 1685 264 1733 omnis
292 1689 314 1742 l
343 1684 528 1744 effusus
556 1685 711 1740 labor;
742 1685 855 1730 Aen.
880 1685 980 1729 V11.
1003 1685 1085 1730 421
1115 1685 1353 1730 incassum
1371 1683 1580 1770 fusos..
1601 1683 1831 1729 .labores.

170 1756 527 1815 nequiquam·
557 1766 740 1803 temere

168 1864 385 1920 2341235.
459 1864 648 1910 melior
701 1863 922 1910 fortuna
967 1866 1209 1909 laborem
1241 1869 1262 1918 Ι
1293 1875 1414 1908 cum
1461 1862 1730 1919 sequitur:
1777 1862 1830 1907 cf.

111 1934 208 1983 Ov.
241 1936 350 1982 Met
383 1935 486 1982 VII.
503 1936 1062 1994 518flebileprincipium
1094 1935 1320 1981 melior
1326 1934 1594 1992 fortuna
1624 1937 1833 1979 secuta

108 2009 210 2065 est,·
252 2007 410 2054 Amor.
444 2007 476 2053 Ι.
509 2008 551 2054 4.
581 2007 644 2053 69
677 2009 763 2053 sed
808 2020 1105 2066 quaecunque
1150 2011 1307 2053 tamen
1353 2010 1533 2052 noctem
1573 2005 1834 2065 fortuna

11 2063 32 2090 ‘³
114 2082 418 2138 sequetur.

169 2185 273 2233 235.
335 2186 596 2242 qutaque
639 2186 833 2231 domus
878 2186 1128 2243 quaesita
1163 2186 1420 2232 ferarum:
1455 2208 1511 2225 =
1543 2199 1645 2231 cum
1692 2198 1833 2245 prope

19 2255 27 2283 ·’·
112 2267 180 2305 est
225 2258 441 2316 quaesita
485 2259 652 2303 domus
697 2258 874 2318 (cubile)
909 2258 993 2316 fer
1024 2271 1151 2313 rum,·
1196 2259 1251 2305 cf.
1286 2259 1452 2317 Vergil.
1487 2259 1600 2304 Aen.
1637 2258 1711 2303 ΙΙΙ.
1744 2258 1834 2303 646

21 2368 25 2375 .
110 2340 218 2375 cum
258 2330 406 2375 vitam
446 2329 496 2376 in
525 2331 661 2375 silvis
702 2331 821 2375 inter
849 2331 984 2375 deser
1066 2329 1346 2388 ferarum
1372 2335 1392 2386 s
1423 2332 1571 2376 lustra
1611 2332 1833 2376 domos—

21 2414 27 2454 j
111 2413 224 2460 que
254 2402 414 2454 traho;
458 2401 714 2447 Nemesian
751 2401 927 2460 Cyneg.
960 2401 1021 2447 98
1051 2406 1096 2447 ie
1125 2403 1374 2459 sequimur,
1408 2407 1457 2447 tu
1484 2404 1641 2459 pande
1671 2404 1834 2448 domos

112 2475 161 2519 et
204 2473 355 2519 lustra
390 2471 635 2530 ferarum,·
683 2472 1098 2532 Carthaginiensem
1141 2484 1318 2532 poetam
1351 2475 1588 2520 Maronem
1620 2477 1833 2519 imitatum

10 2537 29 2612 'f
113 2556 216 2590 esse
259 2539 359 2593 lu'ce
405 2545 581 2602 clarius,
627 2545 707 2590 sed
752 2546 883 2590 etiam
934 2545 1096 2591 Grattii
1142 2559 1316 2592 memor
1361 2559 1461 2592 esse
1501 2548 1691 2603 videtur,
1732 2559 1833 2591 cum
1855 2529 1865 2544 ¹

114 2615 235 2674 apud
279 2625 483 2661 nostrum
528 2625 572 2661 et
605 2616 925 2662 Nemesianum
958 2619 1096 2663 verba
1127 2619 1290 2663 domos
1322 2628 1364 2664 et
1387 2618 1601 2675 ferarum
1648 2631 1834 2676 prorsus

15 2674 33 2732 ’ζ
111 2687 277 2751 eodem
316 2688 417 2734 Ioco
461 2700 622 2734 versus
653 2688 867 2747 legantur,
899 2701 1090 2747 cumque
1122 2692 1312 2736 verbum
1345 2704 1522 2748 quoque
1553 2691 1687 2747 sequi
1717 2691 1833 2746 apud

115 2767 354 2817 utrumque
383 2759 544 2805 eodem
576 2772 713 2805 versu
744 2761 1004 2807 inveniatur.

174 2864 279 2911 236.
340 2867 396 2912 et
438 2866 576 2912 sciat
620 2867 856 2912 occultos
887 2869 941 2913 et
973 2868 1146 2925 signis
1177 2870 1374 2926 arguat
1404 2870 1615 2915 hostes:
1651 2868 1837 2915 Curcio-

117 2948 223 2983 nem
252 2937 291 2982 si
321 2939 566 2995 sequimur,
598 2938 707 2983 haec
748 2951 773 2983 a
805 2941 1114 2986 coniunctione
1146 2953 1249 2986 cum
1280 2941 1341 2999 (v.
1375 2941 1481 2999 235)
1514 2941 1731 2998 pendent;
1765 2940 1835 2985 ille

58 3051 63 3058 ,
113 3008 237 3052 enim
276 3021 436 3055 versus
467 3008 706 3054 234—236
736 3011 799 3055 sic
832 3013 984 3056 vertit:
1021 3013 1225 3070 „quando
1258 3015 1326 3070 gie
1359 3014 1506 3057 buona
1538 3013 1715 3056 fortuna
1747 3013 1832 3065 tien

118 3077 260 3133 dietro
291 3080 332 3125 al
364 3080 522 3125 lavoro
553 3094 687 3138 speso
719 3094 744 3126 e
767 3083 944 3139 quando
966 3083 995 3127 il
1017 3096 1125 3128 cane
1149 3085 1275 3128 abbia
1298 3086 1368 3141 gie
1391 3086 1606 3140 imparato
1629 3096 1653 3127 a
1676 3096 1834 3128 conos-

24 3198 31 3205 *
113 3160 222 3196 cere
252 3151 294 3196 la
326 3164 542 3209 presenza
574 3153 644 3198 del
677 3155 908 3199 nemicove
940 3167 964 3199 a
996 3156 1211 3212 palesarla
1244 3167 1328 3200 con
1361 3155 1617 3212 segnali...’'
