2210 3568
3 3075 7 3090 .

958 231 1033 291 63·

134 363 373 420 nostrique
417 363 556 408 orbis<
587 363 831 408 venatibus
876 367 1025 419 aptos.
1071 363 1210 408 Etiam
1253 363 1415 409 Strabo
1447 365 1717 409 mentionem
1748 365 1850 410 facit

135 447 296 480 canum
329 434 671 480 Britannorum:
705 434 784 490 IV,
816 435 857 479 5.
889 434 932 487 2,
965 442 1108 476 ταῦτα
1134 434 1184 488 δὴ
1206 435 1416 489 κομίζεται
1436 434 1480 485 ἐξ
1502 436 1635 489 αὐτῆς
1656 435 1850 494 (Britan—

134 504 226 564 nia)
271 508 342 548 καὶ
389 505 587 561 δέρμαται
622 508 692 548 καὶ
738 505 991 559 ἀνδράποδα
1037 508 1107 547 καὶ
1150 506 1308 555 κύνες
1339 508 1558 561 εὐφυεῖς
1588 509 1721 561 πρὸς
1752 509 1850 556 τὰς

135 578 478 632 κννηγεσίας.
527 577 707 623 Nomen
757 577 1060 622 Britannicum
1093 577 1255 622 horum
1287 591 1446 623 canum
1479 578 1712 635 Agassaei
1740 589 1849 633 erat,

134 649 190 694 cf.
242 647 438 707 Oppian.
474 649 506 703 1,
537 649 618 695 471
656 650 796 703 αὐτὰρ
830 646 1057 703 ἐπικλήδην
1090 651 1197 702 σφὰς
1229 650 1590 702 Ἀγασσαίους
1621 651 1848 706 ὀνόμηναν.

137 720 356 779 Imagines
386 733 477 766 non
508 730 760 778 supersunt,
791 720 844 764 cf.
882 719 1046 773 Keller,
1079 720 1244 765 Antike
1277 720 1485 767 Tierwelt
1519 722 1551 776 1,
1584 736 1626 780 p.
1651 723 1732 767 114
1753 723 1850 778 „die

133 791 669 838 britannisch-romischen
711 792 986 837 Denkmiiler
1026 794 1178 850 zeigen
1226 793 1376 838 weder
1409 793 1703 851 Bulldoggen,
1732 795 1848 840 noch

133 862 330 918 Terrier,
375 865 571 910 sondern
618 864 704 908 den
746 864 1064 908 traditionellen
1109 865 1287 909 antiken
1314 864 1689 922 Jagdwindhund‚
1721 879 1758 911 z,
1793 865 1846 910 B.

133 935 213 981 das
243 936 466 981 romische
498 935 678 981 Mosaik
709 937 833 980 einer
866 935 1085 993 Eberjagd
1117 947 1196 980 aus
1218 935 1493 993 Withington
1520 936 1647 995 (Brit.
1667 936 1848 996 Mus.).”

199 1052 295 1099 176.
357 1055 645 1111 quantum:
701 1066 762 1099 sc.
820 1054 1184 1121 emolumentum,
1231 1055 1351 1112 quod
1399 1057 1519 1100 canis
1568 1056 1850 1102 Britannicus

133 1127 209 1172 tibi
240 1126 436 1184 praebet.

193 1195 450 1254 inpendia
495 1208 688 1252 supraz
734 1218 791 1235 =
836 1208 981 1253 supra
1029 1197 1265 1253 impendia
1294 1200 1415 1248 <eius
1447 1201 1569 1244 canis
1599 1199 1859 1245 advehendi

133 1279 177 1315 et
208 1269 388 1319 alendi>.

194 1387 294 1454 177.
357 1388 454 1436 ad:
485 1389 607 1445 quod
638 1387 804 1432 attinet
835 1388 912 1441 ad,
943 1388 996 1433 cf.
1032 1388 1252 1446 Pompon.
1278 1388 1397 1433 Mela
1422 1388 1476 1444 11,
1498 1389 1528 1434 2
1549 1389 1622 1449 (de
1643 1389 1850 1449 Thracia)

132 1460 260 1506 viros
303 1459 548 1517 benignius
593 1459 693 1514 alit,
740 1471 834 1505 non
879 1460 943 1505 ad
987 1459 1188 1516 speciem
1233 1463 1404 1514 tamen,
1445 1473 1554 1506 nam
1587 1461 1681 1507 illis
1711 1473 1850 1518 asper

133 1534 273 1588 atque
304 1531 522 1577 indecens
552 1542 791 1587 corporum
822 1531 1021 1576 habitus

199 1649 295 1698 177.
333 1649 427 1696 178.
463 1650 684 1697 Incertum
716 1651 822 1709 quid
858 1649 1060 1697 Grattius
1090 1653 1339 1709 scripserit;
1370 1651 1544 1698 difficile
1574 1655 1693 1698 enim
1723 1666 1850 1710 „pro-

132 1723 262 1768 nuis”
307 1721 392 1781 (vs.
446 1721 547 1781 178)
591 1723 711 1781 quod
742 1723 900 1780 legitur
930 1724 973 1767 in
1006 1722 1072 1778 Α;
1106 1722 1358 1781 Postgatius
1391 1725 1631 1781 „pronuis”
1662 1737 1850 1770 servans

132 1795 195 1839 sic
225 1795 338 1839 edit:
460 1795 498 1840 si
528 1807 619 1839 non
652 1795 713 1839 ad·
738 1795 933 1852 speciem
966 1796 1315 1852 mentiturosque
1347 1795 1536 1841 decores

398 1884 400 1886 ’
461 1867 669 1924 pronuis!
702 1866 812 1911 haec
842 1878 931 1911 una
961 1875 1028 1911 est
1059 1866 1212 1911 catulis
1243 1868 1409 1912 iactura
1442 1867 1679 1912 Britannis.

194 1936 429 1995 Nusquam
461 1947 607 1983 tamen
639 1939 863 1984 invenitur
889 1937 1153 1994 pronaendi
1183 1939 1385 1984 verbum.
1423 1938 1483 1983 H.
1517 1937 1714 1984 Schenkl
1761 1939 1848 1998 (Zu

136 2007 351 2065 GrattiuS‚
383 2022 426 2067 p.
459 2008 565 2069 433)
594 2010 756 2055 eodem
787 2009 923 2054 modo
955 2010 1274 2068 inter-pungens
1300 2021 1478 2066 pronus
1499 2022 1551 2055 es
1566 2012 1739 2066 conicit,
1758 2023 1847 2055 non

130 2079 374 2135 infeliciter,
424 2091 467 2126 et
522 2081 640 2126 haud
686 2081 818 2126 dubie
864 2081 1002 2126 multo
1049 2082 1206 2127 melius
1252 2094 1385 2139 quam
1431 2081 1726 2138 Sannazarus,
1774 2085 1847 2140 qui

128 2152 345 2208 protinus
375 2154 622 2212 proposuit.

180 2223 393 2269 ,Vollmer
437 2234 695 2282 comparato
740 2223 935 2282 Oppian.
971 2223 1092 2283 Cyn.
1129 2225 1162 2279 1,
1193 2225 1294 2281 474,
1328 2227 1402 2283 qui
1432 2226 1689 2271 describens
1721 2228 1848 2279 ἄγρια

130 2293 247 2349 φῦλα
277 2297 514 2351 Boea-avebat
545 2295 631 2341 hoc
663 2308 804 2354 genus
834 2298 1018 2351 γυρὸν,
1049 2296 1359 2352 ἅσαρκότατον,
1382 2295 1661 2355 λασιότριχον,
1694 2300 1847 2351 ὄμμασι

131 2366 266 2416 νωθές
297 2368 509 2421 nominat,
540 2367 687 2413 locum
708 2369 782 2427 ‘sic
812 2368 967 2413 edidit:

310 2450 339 2484 o
370 2442 546 2496 quanta
576 2442 648 2483 est
679 2451 852 2484 merces
882 2442 928 2484 et
958 2443 1182 2496 quantam
1214 2437 1436 2496 inpendia
1465 2452 1623 2497 supra,

308 2511 355 2555 si
384 2523 478 2556 non
507 2511 571 2555 ad
600 2510 802 2567 speciem
833 2507 1196 2568 mentiturosque
1226 2513 1415 2558 decores

309 2581 538 2639 (pronis
569 2582 684 2627 haec
714 2594 810 2627 una
840 2586 912 2628 est
942 2583 1111 2628 catulis
1143 2583 1322 2630 iactura
1353 2584 1632 2642 Britannis),

309 2657 360 2699 at
391 2665 610 2711 magnam
640 2666 732 2711 eqS.

191 2723 282 2770 Sed
313 2738 406 2771 vox
432 2726 596 2782 pronis
625 2727 689 2771 sic
719 2727 849 2771 nimis
881 2728 1069 2772 obscura
1101 2735 1190 2783 est3
1216 2728 1422 2785 equidem
1445 2740 1620 2773 mecum
1637 2736 1846 2784 reputans

134 2794 394 2854 Oppianum
442 2807 541 2843 ante
588 2799 736 2843 omnia
782 2811 942 2843 canum
991 2798 1310 2844 Britannorum
1342 2812 1529 2857 parvam
1561 2808 1772 2843 staturam
1803 2806 1846 2842 et

129 2868 412 2926 exiguitatem
444 2881 800 2915 commemorare
831 2882 915 2927 pro
951 2871 1190 2927 „pronuis”
1223 2871 1371 2928 legere
1403 2871 1536 2917 velim
1569 2870 1797 2927 parvis:

309 2940 355 2984 si
385 2952 479 2985 non
509 2942 571 2986 ad
600 2941 802 2997 speciem
834 2942 1196 2999 mentiturosqae
1226 2943 1414 2988 decores

309 3011 537 3069 (parvis
568 3013 682 3058 haec
713 3025 807 3058 una
836 3017 908 3058 est
938 3015 1106 3059 catalis
1139 3015 1316 3059 iactura
1346 3014 1608 3071 Britannis)

128 3082 184 3128 cf.
221 3082 341 3141 Opp.
379 3084 410 3138 Ι,
442 3084 531 3129 472
593 3093 680 3127 τῶν
712 3089 806 3139 ἦτοι
838 3085 1009 3139 μέγεθος
1039 3088 1114 3140 μὲν
1147 3088 1304 3140 ὁμοίὶον
1336 3086 1591 3129 οὐτιδανοῒσι

597 3155 750 3213 λίχνοις
782 3156 983 3200 οῖκιδίοισι
1015 3158 1284 3213 τραπεζήεσσι
1317 3162 1492 3200 κύνεσσι.
