2210 3568
1136 242 1164 285 4

297 371 550 416 incredibile
587 380 652 415 est
691 372 885 415 carmina
932 370 1074 415 Macri
1105 371 1323 415 nominari
1355 371 1560 415 versibus
1590 371 1650 415 43
1679 380 1722 417 et
1752 372 1809 417 44
1844 371 2009 419 Grattii

297 443 519 487 interiecta
550 442 983 495 commemoratione,
1015 441 1459 497 deindexpronomina
1481 440 1619 496 alius,
1640 439 1730 498 ille,
1752 442 1825 488 hic
1845 443 2010 490 diserte

298 516 390 557 tres
429 521 582 570 poetas
621 512 905 569 distinguunt,
947 523 1136 568 quorum
1179 512 1348 569 primus
1383 510 1538 566 pictas
1577 512 1785 557 volucres
1814 523 1857 559 et
1887 513 2012 559 bella

290 583 500 640 ferarum
536 583 705 637 cecinit,
732 581 966 633 ‚secundus
1007 582 1062 627 de
1100 581 1331 638 anguibus
1361 581 1604 626 venenatis
1633 585 1821 640 scripsit,
1854 585 2007 630 tertius

300 655 355 699 de
386 652 538 698 herbis
566 654 677 710 egit;
708 661 981 710 postremum
1013 654 1108 697 veri
1134 652 1318 698 similius
1338 662 1404 697 est
1427 651 1672 709 Manilium,
1696 655 1831 710 quiin
1859 656 2013 713 priore

300 734 423 782 parte
445 724 661 781 prooemii
683 723 738 768 de
768 721 957 768 Graecis
985 724 1123 780 egerit
1140 724 1293 780 poetiS,
1320 724 1459 767 etiam
1476 723 1558 768 hos
1576 736 1734 769 versus
1750 737 1808 770 ex
1828 723 2012 771 Graeco

300 807 383 840 suo
427 794 548 839 fonte
592 794 803 849 hausisse,
851 805 963 850 quae
1011 793 1224 838 Vollmeri
1270 805 1448 851 quoque
1490 795 1640 851 opinio
1680 804 1772 850 est;
1805 797 1842 840 is
1877 797 2012 853 igitur

302 878 483 911 versum
521 864 578 909 45
624 876 713 909 non
759 864 814 909 ad
860 864 1079 920 Macrum,
1122 864 1201 909 sed
1242 864 1297 908 ad
1331 863 1615 908 Nicandrum
1644 875 1845 922 spectare
1875 875 2006 924 putat.

361 935 508 980 Versu
553 936 683 993 igitur
727 935 1066 992 quadragesimo
1112 935 1239 979 tertio
1285 946 1434 978 sermo
1479 944 1546 979 est
1591 934 1646 979 de
1692 937 1837 993 aliquo
1883 945 2016 994 poeta

307 1006 501 1061 Graeco,
559 1007 631 1062 qui
693 1004 1025 1063 „Cynegetica”
1072 1007 1264 1062 scripsit;
1310 1017 1454 1061 neque
1496 1018 1554 1049 ex
1601 1005 1686 1051 hoc
1732 1018 1867 1052 versu
1911 1018 2015 1052 cum

306 1077 482 1122 Sternio
513 1089 691 1121 sumere
717 1076 815 1121 licet
849 1075 1072 1122 Grattium
1104 1088 1282 1121 carmen
1313 1076 1369 1120 de
1399 1075 1596 1131 aucupio
1628 1078 1944 1134 composuisse.

369 1146 581 1192 Ceterum
612 1159 702 1192 non
734 1159 850 1205 nego
883 1146 1113 1191 Manilium
1149 1144 1310 1190 Grattii
1341 1157 1520 1191 carmen
1551 1156 1704 1191 notum
1723 1148 1942 1192 ‘habuisse
1971 1155 2021 1191 et

308 1220 522 1263 imitatum
554 1230 677 1273 esse;
708 1219 872 1274 optime
905 1217 1115 1262 Edwinus
1147 1216 1310 1262 Miiller
1340 1216 1549 1262 intellexit
1579 1216 1867 1275 (Philologus,
1890 1216 2014 1271 1903,

309 1290 423 1334 Bnd.
454 1287 590 1344 LXll,
617 1302 659 1346 p.
687 1288 764 1346 68)
787 1297 964 1345 poetam
991 1287 1335 1332 Astronomicon
1364 1289 1515 1344 paucis
1539 1289 1742 1333 versibus
1766 1288 1863 1334 libri
1879 1288 2018 1345 quinti

307 1359 544 1404 200-204
576 1359 819 1416 complura,
851 1370 963 1416 quae
997 1357 1197 1403 Grattius
1219 1359 1432 1412 tractavit,
1454 1358 1714 1403 brevissime
1734 1370 2020 1404 enumerare:

589 1499 810 1544 Manilius.
1527 1498 1741 1544 Grattius.

375 1586 418 1617 v.
456 1570 536 1616 199
568 1580 751 1617 venatus
783 1582 872 1615 non
907 1570 977 1614 ille
998 1571 1093 1626 qui·
1297 1569 1356 1614 23
1386 1580 1517 1613 arma
1547 1570 1667 1613 dabo

313 1643 430 1697 dem,
462 1654 620 1687 verum
651 1652 782 1685 arma
813 1642 970 1685 creatis
985 1644 1092 1695 sve-

312 1714 445 1758 nandi
476 1712 635 1757 tribuit

376 1845 417 1875 v.
448 1830 538 1874 200
553 1830 721 1875 catulos
742 1830 909 1873 nutrire
926 1830 1094 1884 sagacis
1300 1828 1353 1873 cf.
1385 1828 1474 1872 300
1505 1841 1599 1885 sqq.
1628 1823 1632 1826 ⁴

377 1974 419 2005 v.
460 1959 541 2004 201
590 1969 632 2004 et
667 1971 807 2016 genus
839 1970 863 2002 a
889 1957 1094 2013 proavis,
1307 1958 1401 2002 154.
1465 1959 1579 2002 mille
1627 1970 1784 2002 canum
1822 1958 2023 2014 patriae,
2095 1983 2098 1986 ·

272 2061 274 2063 -
318 2043 467 2076 mores
497 2041 731 2075 numerare
763 2041 843 2086 per
875 2028 1008 2073 urbes
1243 2030 1446 2085 ductique
1477 2030 1532 2073 ab
1563 2028 1741 2084 origine
1773 2040 1922 2073 mores

375 2174 419 2206 v.
466 2159 555 2204 202
611 2160 805 2215 retiaque
851 2168 894 2203 et
939 2159 1096 2222 valida
1303 2159 1357 2203 de
1401 2158 1574 2202 retibus
1618 2157 1818 2211 Grattius
1860 2160 1946 2215 agit
1978 2172 2022 2203 v.

317 2231 545 2276 venabula
576 2228 765 2284 cuspide
796 2228 882 2273 lixa
1243 2229 1301 2273 25
1332 2241 1438 2285 sqq;

1311 2299 1392 2343 108
1423 2299 1493 2343 ille
1524 2301 1654 2344 etiam
1677 2300 1832 2343 valido
1854 2300 2028 2356 primus

1244 2370 1472 2414 venabula
1503 2370 1638 2413 dente
1669 2374 1688 2424 χ’
1720 2370 1868 2414 induit.

382 2517 423 2548 v.
481 2499 569 2544 203
630 2500 832 2556 lentaque
884 2501 1099 2543 contextis
1306 2499 1361 2544 de
1416 2498 1662 2543 hastilibus
1717 2497 1917 2543 Grattius
1962 2499 2027 2543 lo-

323 2574 517 2619 formare
548 2567 738 2614 hastilia
769 2570 896 2614 nodis
1248 2572 1393 2626 quitur
1425 2582 1468 2614 v.
1508 2569 1588 2613 127
1621 2582 1716 2626 sqq.

386 2701 557 2747 Conser
594 2700 723 2743 etiam
766 2698 1060 2743 Astronomic.
1105 2713 1146 2744 v.
1198 2699 1427 2743 184-188
1468 2711 1568 2744 cum
1615 2697 1774 2742 Grattii
1822 2699 2029 2743 versibus

325 2772 516 2818 89—94.

387 2844 566 2888 Restant
597 2840 723 2884 nobis
756 2851 813 2883 ex
849 2838 1008 2884 Grattii
1041 2841 1234 2885 carmine
1266 2841 1509 2885 hexametri
1540 2840 1655 2893 5413
1687 2851 1799 2895 quae
1830 2849 1895 2884 est
1927 2851 2032 2896 pars

326 2915 456 2972 longe
503 2912 693 2957 maxima
738 2909 1043 2968 Cynegeticon
1086 2913 1214 2968 primi
1246 2913 1366 2966 libri;
1404 2911 1550 2955 titulus
1580 2912 1696 2955 enirn
1729 2910 1879 2955 litteris
1910 2912 2032 2955 unci-

328 2985 465 3028 alibus
512 2983 699 3038 scriptus
745 2982 787 3024 in
834 2983 984 3026 codice
1032 2982 1070 3025 A
1117 2983 1245 3027 docet
1291 2983 1391 3026 inde
1433 2995 1457 3026 a
1505 2994 1639 3026 versu
1680 2982 1846 3038 primo,
1869 2981 2027 3025 librum

329 3057 519 3111 primum
565 3052 781 3107 incipere;
828 3065 930 3097 nam
978 3053 1085 3097 haec
1126 3062 1227 3097 sunt
1258 3053 1364 3097 tituli
1397 3053 1533 3098 verba
1568 3053 1694 3106 „item
1726 3052 1874 3108 incipit
1905 3051 2032 3108 gratti

332 3127 619 3182 cynegeticon
658 3110 774 3178 liSi'’,
806 3136 917 3180 quae
951 3124 1126 3169 Riesius
1157 3123 1354 3181 (Anthol.
1387 3123 1480 3169 Lat.
1519 3123 1643 3167 1894.
1678 3122 1758 3179 lp.
1782 3121 1963 3166 XXXV.
1985 3120 2034 3177 2)

2049 1922 2059 1945 t
