2210 3568
1234 248 1313 292 124

415 389 468 421 ea
513 389 626 434 quae
666 377 722 421 de
762 377 858 421 lacu
890 375 1181 435 Agrigentino
1213 378 1341 422 tradit
1372 378 1476 421 olim
1507 377 1623 434 apud
1657 377 1908 424 Varronem
1939 373 2117 437 quoque

415 449 645 492 coniuncta
690 447 840 501 fuisse,
888 461 946 492 ex
991 450 1148 505 quibus
1190 448 1359 492 Plinius
1390 449 1539 504 priora
1572 457 1737 493 tantum
1769 451 1811 493 in
1844 462 2115 506 opussuum

414 518 721 575 desumpserit.
777 518 829 563 Et
883 531 1042 563 revera
1089 519 1353 564 vocabulum
1386 530 1535 562 rarum
1577 519 1823 574 prosiciem
1871 519 2047 567 Nonius
2089 533 2116 567 e

415 588 620 634 Varrone
652 590 750 633 citat
783 588 858 633 111.
897 589 979 634 179
1004 590 1251 645 prosiciem
1272 593 1478 633 extorum
1499 589 1571 633 vel
1593 589 1641 633 in
1657 601 1863 635 mensam
1875 591 2114 646 porricere.

417 659 824 704 Haecconiectura
857 660 1142 705 confirmatur
1173 662 1223 704 iis
1255 673 1367 716 quae
1399 660 1634 716 disputavit
1666 673 1710 707 v.
1741 661 1784 704 d.
1819 660 1941 706 Oder
1961 659 2117 718 (Quel-

412 730 647 774 lensucher
693 732 751 775 im
794 730 1025 786 Altertum‚
1073 731 1288 788 Philolog.
1332 729 1681 787 Supplem.-bnd.
1716 730 1815 775 VII.
1846 745 1890 790 p.
1921 731 2041 791 363).
2073 732 2116 778 Is

411 801 528 845 enim
589 802 907 846 demonstravit
958 801 1209 846 Vitruvium
1259 801 1378 845 VIII.
1434 801 1503 845 l-3
1558 814 1617 846 ex
1667 801 1864 848 Varrone
1903 803 2114 863 hausisse,

410 873 643 929 ipsumque
670 872 920 917 Varronem
943 885 1022 916 sua
1044 885 1101 917 ex
1124 873 1374 916 Posidonio
1395 874 1650 929 sumpsisse.
1688 872 1953 930 Congruunt
1968 883 2114 919 autem

412 955 524 999 quae
571 942 800 989 Vitruvius
846 943 901 988 de
948 943 1067 988 fonte
1115 944 1403 1000 Agrigentino
1450 953 1598 987 narrat
1644 956 1745 988 cum
1775 945 1827 989 iis
1855 957 1968 1001 quae
1997 945 2113 1002 apud

403 1010 898 1058 ‘Pseudo-Aristotelem
939 1014 1138 1072 legimus,
1181 1014 1235 1058 cf.
1269 1015 1344 1067 τὴν
1385 1013 1428 1055 δὲ
1460 1015 1587 1068 ὀσμὴν
1619 1012 1722 1069 ’.ἔχειν
1753 1022 1827 1069 τῆς
1857 1014 1999 1071 κέδρου
2029 1023 2114 1064 τοῖς

410 1085 724 1138 ἀποπτίσμασιν
773 1085 919 1138 ὁμοίαν
966 1094 1009 1130 et
1039 1085 1192 1137 odore,
1240 1088 1288 1128 ut
1329 1084 1482 1128 scobis
1522 1084 1704 1129 citreae.
1768 1083 2114 1129 Ps.·Aristotelis

410 1164 538 1212 caput
591 1154 672 1199 113
710 1154 892 1199 Timaeo
922 1167 1021 1199 esse
1053 1155 1375 1200 attribuendum
1407 1165 1449 1199 et
1480 1154 1645 1199 Paulus
1679 1153 1912 1200 Guenther
1942 1153 2031 1211 (De
2060 1165 2113 1200 ea

409 1238 522 1282 quae
553 1227 665 1270 inter
696 1224 927 1270 Timaeum
958 1235 1000 1270 et
1034 1225 1379 1282 Lycophronem
1410 1227 1637 1270 intercedit
1668 1226 1836 1269 ratione
1855 1224 1974 1269 Diss.
1992 1223 2110 1282 Lips.

417 1296 544 1354 1889)
600 1307 641 1341 et
689 1296 920 1352 ,Iohannes
975 1295 1197 1341 Geffcken
1259 1295 1567 1354 (Geographie
1614 1297 1694 1340 des
1740 1295 1961 1351 Westens,
2013 1294 2111 1351 120)

407 1368 730 1412 intellexerunt.

467 1437 743 1483 Sumendum
784 1440 915 1495 igitur
945 1449 1011 1483 est
1042 1448 1114 1482 aut
1147 1438 1396 1482 Varronem
1429 1439 1494 1492 iis,
1528 1450 1641 1495 quae
1672 1437 1787 1494 apud
1821 1436 2108 1482 Posidonium

406 1510 638 1560 invenerit,
683 1509 891 1553 nonnulla
938 1521 995 1553 ex
1033 1508 1217 1554 Timaeo
1259 1509 1491 1563 addidisse,
1531 1518 1602 1552 aut
1643 1510 1787 1565 ipsum
1821 1507 2109 1552 Posidonium

408 1578 592 1624 Timaeo
635 1592 764 1624 usum
807 1592 918 1624 esse.
959 1580 1027 1624 Ex
1068 1580 1238 1624 duabus
1279 1580 1346 1623 his
1387 1580 1650 1624 coniecturis
1691 1579 1799 1623 haec
1839 1578 1944 1622 mihi
1973 1574 2113 1634 magis

406 1651 560 1707 placet,
592 1660 826 1707 propterea
859 1651 977 1707 quod
1014 1649 1173 1695 Grattii
1207 1650 1431 1706 Solinique
1464 1651 1737 1694 narrationes
1757 1661 1848 1693 non
1869 1650 1927 1693 ita
1943 1646 2112 1692 Timaei

406 1721 714 1778 descriptionis
745 1722 908 1766 similes
939 1731 1054 1776 sunt,
1085 1732 1130 1765 ut
1162 1721 1371 1765 Timaeus
1399 1721 1500 1765 fons
1522 1722 1739 1765 nominari
1764 1721 1925 1777 possit;
1946 1719 2113 1764 accedit

406 1792 525 1849 quod
571 1790 730 1836 Grattii
772 1791 997 1848 Solinique
1037 1792 1354 1848 descriptiones
1386 1791 1580 1836 colorem
1619 1791 1780 1835 habent
1811 1789 2021 1845 Stoicum,
2053 1789 2108 1835 cf.

407 1875 473 1907 vs.
520 1862 622 1918 449,
668 1863 748 1907 451
767 1862 932 1916 -46ος
980 1873 1253 1919 postremum
1299 1864 1445 1919 imago
1483 1861 1699 1918 flaminis
1736 1860 1975 1918 flammae,
2022 1873 2111 1917 qua

404 1934 537 1978 utitur
567 1944 697 1991 poeta
730 1934 910 1978 Latinus
941 1933 1026 1991 (vs.
1058 1933 1175 1992 445),
1209 1933 1452 1977 Posidonio
1483 1934 1526 1975 in
1557 1932 1720 1975 deliciis
1751 1931 1887 1976 fuisse
1918 1931 2109 1986 videtur,

404 2004 458 2049 cf,
506 2003 822 2049 Sudhausium
863 2006 906 2047 in
953 2017 1036 2048 suo
1083 2004 1137 2047 ad
1184 2003 1372 2048 Aetnam
1412 2003 1729 2047 commentario
1773 2003 1835 2058 (p.
1869 2000 1999 2059 429);
2030 2002 2105 2046 ubi

403 2075 631 2132 complura
677 2084 992 2120 enumerantur
1036 2074 1260 2131 exempla:
1309 2068 1451 2118 Aetna
1497 2073 1585 2118 680
1631 2075 1785 2117 evecta
1829 2072 1879 2116 in
1907 2071 2107 2128 longum,

403 2142 576 2198 lapidis
613 2142 895 2200 fervoribus,
942 2146 1109 2201 anda,
1158 2145 1232 2189 Ps.
1281 2144 1414 2189 Arist.
1460 2146 1554 2198 περὶ
1600 2144 1751 2197 κόσμου
1798 2142 1904 2201 (400
1950 2155 1976 2187 a
2020 2142 2101 2187 31:

401 2214 615 2269 χειμάρρου
647 2214 793 2273 δίκην),
837 2215 966 2273 Apul.
995 2217 1050 2260 de
1073 2216 1238 2259 mundo
1262 2215 1357 2272 (34:
1373 2214 1671 2271 flammarum
1683 2213 1920 2270 flamina),
1941 2211 2106 2259 Conon

402 2284 579 2341 (narrat.
612 2285 670 2329 43
700 2294 892 2340 ποταμοῦ
923 2286 1070 2344 δίκην).
1107 2285 1238 2341 Quae
1267 2287 1302 2329 si
1336 2298 1442 2329 vere
1465 2286 1679 2341 disputata
1700 2293 1814 2339 sunt,
1838 2283 2106 2328 Posidonius

402 2355 620 2411 putandus
664 2366 729 2400 est
764 2356 932 2401 Timaei
959 2358 1279 2413 expositionem
1312 2357 1403 2400 suis
1432 2357 1569 2412 ipsius
1600 2356 1749 2399 verbis
1780 2355 2030 2399 narravisse
2061 2365 2103 2399 et

403 2428 592 2471 auxisse.
645 2426 802 2483 Neque
836 2428 920 2472 hoc
954 2428 1056 2472 volo
1088 2429 1236 2483 utique
1267 2439 1451 2471 necesse
1481 2438 1595 2480 esse,
1627 2435 1672 2470 ut
1704 2425 1851 2470 Varro
1882 2437 1937 2470 eo
1969 2426 2106 2482 potis-

402 2498 562 2540 simum
594 2498 705 2551 Ioco,
737 2510 794 2541 ex
828 2510 916 2554 quo
948 2498 1177 2542 Vitruvius
1195 2497 1316 2542 V111.
1340 2498 1368 2541 3
1390 2510 1469 2541 sua
1495 2497 1679 2541 fontium
1698 2497 1867 2552 petierit
1882 2496 2099 2552 exempla,

400 2576 486 2611 tam
533 2567 630 2611 fuse
661 2568 716 2611 de
748 2568 842 2612 lacu
877 2569 1164 2625 Agrigentino
1194 2570 1345 2626 egerit,
1377 2569 1456 2612 sed
1488 2568 1574 2612 hoc
1605 2576 1724 2611 certe
1755 2576 1870 2623 patet
1901 2578 2013 2623 quae
2044 2567 2104 2611 de

400 2639 484 2682 hoc
530 2638 650 2682 fonte
693 2649 976 2683 narrarentur
1022 2641 1061 2683 ei
1107 2652 1195 2683 non
1237 2639 1371 2683 fuisse
1403 2641 1562 2696 ignota.
1623 2637 1726 2682 Scio
1758 2649 1840 2681 nos
1870 2638 1914 2680 in
1945 2636 2100 2680 talibus

399 2709 532 2753 rebus
568 2719 630 2753 tot
661 2710 914 2753 auctoribus
943 2711 1113 2753 amissis
1144 2722 1231 2753 non
1267 2722 1349 2766 pro
1382 2718 1502 2753 certo
1534 2710 1659 2763 scire,
1692 2708 1771 2752 sed
1802 2709 2098 2752 coniecturam

399 2789 565 2824 tantum
593 2779 742 2823 facere
773 2792 929 2835 posse;
947 2780 1054 2823 haec
1073 2790 1216 2823 tamen
1236 2782 1486 2824 coniectura
1509 2779 1613 2822 mihi
1636 2779 1813 2834 quidem
1832 2791 1855 2821 a
1873 2778 2102 2834 permultis

399 2852 594 2906 partibus
626 2850 800 2894 defendi
834 2851 1020 2894 videtur.

464 2921 644 2974 „Anche
690 2921 728 2964 al
776 2921 1025 2976 presente”‚
1072 2922 1208 2976 inquit
1250 2933 1292 2964 v.
1333 2921 1374 2964 d.
1418 2921 1465 2964 P.
1510 2919 1642 2963 Donci
1677 2918 1730 2974 (11
1765 2917 2021 2975 Cinegetico
2052 2918 2098 2962 di

403 2990 570 3035 Grazio
603 2990 784 3046 Falisco,
817 2991 1012 3044 Padova,
1052 2990 1175 3045 1873,
1207 3004 1235 3047 p
1263 2991 1352 3048 67),
1380 3003 1506 3035 come
1528 2991 1623 3034 dice
1646 2989 1694 3034 L.
1720 2989 1919 3034 Bombici
1939 2987 2095 3046 (Cors.

398 3063 441 3105 di
487 3062 688 3106 Mineral.
738 3075 779 3119 p.
827 3061 931 3119 801)
978 3074 1002 3105 a
1027 3061 1194 3106 ‘Santo
1243 3060 1441 3118 Stefano
1482 3061 1531 3105 di
1570 3061 1762 3112 Bivona,
1794 3060 2020 3116 provincia
2050 3059 2094 3102 di

401 3131 619 3189 Girgenti,
659 3133 792 3178 havvi
823 3145 910 3176 una
941 3132 1061 3176 fonte
1091 3132 1133 3175 di
1165 3132 1364 3188 petrolio.
1398 3132 1593 3188 Bisogna
1625 3131 1801 3187 dunque
1831 3129 2099 3174 concludere
