2210 3568
988 212 1047 257 87

227 343 332 391 292.
394 344 673 400 inpatiens
719 354 923 399 aequae
969 342 1313 389 vehementia
1367 345 1554 391 sortis:
1605 345 1882 391 vehementia

164 418 295 462 canis
323 417 400 474 qui
430 416 529 474 plus
561 416 654 461 vult
685 415 848 461 habere
879 427 1012 472 quam
1043 415 1213 461 fratres.
1570 433 1572 435 ·

225 558 329 604 294.
391 569 427 602 a
456 560 610 615 tergo
641 558 777 603 liber
806 559 1018 613 aperto:
1050 558 1347 615 pleonasmuS.

226 701 330 747 295.
396 701 522 745 dum
569 701 753 756 tepida
797 701 1039 756 indulget
1080 701 1240 745 terris
1271 701 1557 747 clementia
1586 701 1795 747 mundi:
1825 701 1878 747 cf.

166 771 305 830 Verg.
342 770 514 830 Georg.
550 772 604 827 11,
636 772 724 817 345
751 805 791 816 ..
811 772 1059 828 .exciperet
1088 773 1207 817 caeli
1237 772 1524 829 indulgentia
1553 776 1714 818 terras,

227 843 495 901 indulget:
542 845 729 901 benigna
769 853 837 888 est
868 845 893 887 i.
926 856 964 888 e.
997 845 1101 888 satis
1132 845 1314 901 praebet
1345 844 1518 900 caloriS‚
1549 845 1602 889 cf.
1638 844 1812 889 Lucret.
1848 845 1879 899 1,

161 914 256 961 805
287 917 542 972 tempestas
576 915 781 972 indulget
810 918 1012 971 tempore
1033 913 1216 972 fausto.

228 987 445 1034 mundi:
476 986 595 1032 caeli.

226 1129 330 1175 296.
395 1129 630 1175 Caurino
679 1129 900 1186 frigore:
951 1142 1112 1174 caurus
1162 1140 1228 1175 est
1275 1139 1434 1175 ventus
1479 1130 1691 1174 occiduus
1736 1131 1810 1187 qui
1856 1142 1880 1173 a

164 1199 370 1248 Graecis
416 1200 632 1257 Ἀργέστης
678 1211 878 1257 vocatur,
924 1203 1037 1247 inter
1081 1203 1404 1259 septentriones
1442 1211 1485 1246 et
1525 1213 1732 1246 occasum
1775 1202 1880 1246 solis

161 1275 342 1331 spirans
387 1272 860 1332 („N0rdwestwind'’),
903 1273 956 1318 cf.
1010 1272 1125 1318 Gell.
1162 1273 1292 1318 Noct.
1327 1273 1413 1317 Att.
1449 1273 1501 1328 11,
1533 1272 1605 1317 22.
1645 1273 1710 1327 12,
1744 1273 1879 1330 Verg..

139 1375 142 1379 «
167 1344 343 1404 Georg.
380 1345 456 1400 ΙΙΙ,
489 1345 578 1390 356
608 1357 794 1401 semper
821 1345 983 1396 hiem,
1004 1356 1188 1400 semper
1205 1345 1439 1400 spirantes
1462 1342 1707 1401 frigora
1737 1345 1880 1389 cauri.

162 1415 383 1463 Scribitur
413 1418 545 1462 etiam
581 1416 728 1461 Corus
759 1415 994 1475 (Chorus),
1027 1416 1080 1460 cf.
1117 1415 1250 1461 Caes.
1285 1416 1338 1460 B.
1377 1415 1435 1461 G.
1471 1415 1525 1460 V.
1558 1415 1598 1460 7.
1632 1416 1672 1460 3.

226 1500 448 1544 vesper:
500 1487 739 1543 OccidenS,
787 1489 840 1533 cf.
891 1488 1025 1546 Verg.
1076 1488 1186 1532 Aen.
1236 1488 1292 1543 V,
1338 1488 1390 1532 19
1420 1499 1609 1543 vespere
1640 1488 1698 1532 ab
1729 1491 1832 1532 atro
1862 1492 1881 1543 s

112 1584 117 1587 -
159 1563 446 1616 consurgant
476 1552 614 1605 venti.

227 1702 330 1748 297.
396 1703 477 1748 ire
509 1703 707 1758 placet:
740 1704 878 1747 verba
909 1702 1025 1747 haud
1057 1703 1188 1747 dubie
1220 1711 1441 1759 corrupta,
1475 1714 1588 1759 quae
1623 1703 1690 1748 vir
1726 1702 1881 1747 doctus

167 1773 338 1821 Curcio
361 1777 474 1820 tueri
507 1787 596 1820 non
621 1775 846 1830 debuerat,
874 1776 936 1819 sic
970 1784 1148 1819 vertens
1175 1775 1239 1828 „al
1262 1776 1474 1832 giungere
1495 1774 1566 1818 dei
1588 1775 1717 1830 primi
1739 1774 1881 1818 Freddi

156 1846 249 1904 egli
281 1856 404 1892 sente
430 1846 458 1891 il
486 1847 672 1904 bisogno
699 1847 742 1891 di
770 1847 1040 1891 muoversi’‘.
1076 1846 1233 1891 Vlitius
1264 1847 1411 1903 legere
1444 1847 1619 1890 volebat
1652 1845 1723 1890 ira
1740 1846 1882 1898 iacet‚·

170 1919 260 1972 „ira
290 1919 414 1972 iacet,
448 1920 584 1976 inquit
619 1918 790 1970 Vlitius,
809 1931 910 1963 cum
943 1919 1186 1962 vehemens
1216 1918 1285 1962 ille
1317 1918 1485 1962 catulus
1516 1917 1752 1975 frigescit.”
1791 1916 1880 1962 Sed

165 2001 277 2034 num
329 1999 552 2044 „materna
598 1991 682 2034 sub
720 1991 821 2034 alvo
854 2002 1039 2047 regnum
1073 1989 1322 2034 adfectare‘’
1356 1989 1428 2033 ira
1459 1998 1604 2046 potest
1635 1989 1881 2046 appellari?

86 2051 90 2057 ’
162 2073 255 2106 non
287 2062 462 2119 opinor.
499 2061 643 2106 Multo
675 2062 831 2106 melior
864 2061 1210 2106 Radermacheri
1241 2063 1492 2105 coniectura
1525 2061 1724 2117 irreptat.

224 2203 437 2255 2981299.
500 2204 644 2248 illius
675 2206 729 2248 et
762 2204 1014 2248 manibus
1046 2203 1295 2248 vires‘sit
1326 2215 1452 2247 cura
1484 2202 1693 2248 futuras
1723 2209 1742 2257 Ι
1771 2216 1881 2259 per-

167 2288 425 2333 pensare:
459 2276 599 2320 levis
632 2276 853 2320 deducet
885 2276 1121 2331 pondere
1151 2275 1366 2321 fratres:
1398 2276 1441 2319 hi
1472 2288 1631 2320 versus
1652 2277 1695 2319 in
1722 2275 1882 2321 Grattii

163 2349 320 2394 codice
356 2348 691 2393 Vindobonensi
722 2347 798 2406 (A)
829 2350 891 2393 sic
923 2348 1147 2405 leguntur:

226 2419 328 2466 298.
392 2420 506 2464 illius
537 2432 562 2464 e
595 2420 796 2482 manibus
828 2421 946 2464 vires
977 2421 1031 2464 sit
1063 2432 1168 2463 cura
1199 2419 1368 2463 futuras

226 2491 329 2537 299.
395 2503 688 2549 perpensare:
721 2491 837 2535 levis
869 2491 1054 2536 deducet
1087 2490 1284 2548 pondere
1316 2490 1486 2535 Fratres.

228 2563 321 2608 Pro
353 2575 380 2607 e
411 2562 534 2622 (298)
565 2575 667 2607 cum
703 2562 891 2607 Heinsio
924 2573 1042 2608 recte
1072 2563 1216 2607 editur
1248 2565 1316 2617 et;
1348 2562 1591 2606 difficiliora
1622 2571 1722 2606 sunt
1744 2562 1880 2606 verba

160 2634 283 2679 Ievis
320 2635 512 2680 deducet
538 2634 743 2691 pondere
766 2633 973 2691 fratres,·
1006 2635 1136 2679 lanus
1169 2634 1326 2679 Vlitius
1358 2634 1565 2692 (Venatio
1597 2635 1878 2689 novantiqua‚

175 2707 304 2766 1645)
350 2708 469 2752 levis
507 2720 590 2764 pro
622 2719 767 2751 accus.
801 2707 912 2763 plur.
945 2707 1018 2765 (=
1051 2707 1190 2765 leves)
1221 2708 1388 2764 accipit,
1421 2716 1464 2751 et
1496 2706 1607 2750 hanc
1640 2706 1711 2749 dat
1742 2706 1880 2762 expli-

166 2781 401 2834 cationem,
439 2781 698 2837 „graviores
731 2789 966 2836 praestant,
999 2781 1072 2836 qui
1104 2779 1262 2823 fratres
1294 2791 1400 2822 suos
1422 2778 1620 2834 pondere
1646 2776 1880 2830 deducunt,

92 2874 100 2885 ·
167 2851 210 2895 id
242 2862 323 2905 est,
357 2852 583 2896 vincunt.''
618 2851 828 2894 Barthius
861 2863 970 2895 vero
1001 2850 1218 2908 (Venatici
1240 2860 1282 2894 et
1305 2850 1518 2903 Bucolici,
1548 2847 1676 2905 1613)
1692 2847 1881 2891 deducet

164 2923 225 2966 ita
255 2924 591 2979 interpretatur:
630 2935 755 2976 „cum
788 2922 961 2966 levitate
993 2935 1072 2966 sua
1104 2924 1197 2980 ipse
1230 2922 1478 2975 adscendat‚
1506 2921 1662 2964 fratres
1684 2920 1881 2976 pondere

167 2994 439 3040 descendere
472 2996 599 3051 cogit.
636 2994 850 3050 Loquitur
882 3003 1102 3051 tamquam
1135 2994 1262 3038 catuli
1291 2995 1334 3037 in
1357 2994 1464 3036 libra
1487 2993 1669 3048 appensi
1690 2990 1881 3035 essent.”

166 3065 292 3113 idem
339 3066 432 3110 fere
481 3066 668 3122 legimus
707 3066 823 3122 apud
872 3065 1243 3120 Wernsdorfium,
1276 3067 1349 3122 qui
1381 3066 1527 3108 locum
1559 3065 1620 3107 sic
1653 3062 1879 3118 intellegit:

171 3139 272 3194 „qui
318 3139 579 3194 generosior
624 3147 690 3181 est
733 3137 914 3191 catulus,
948 3139 1041 3194 ipse
1073 3137 1183 3182 levis
1215 3137 1421 3181 ascendet
1451 3135 1528 3193 (sc.
1562 3147 1662 3178 cum
1696 3146 1883 3191 perpen-
