2210 3568
944 239 1019 284 101

75 411 77 413 ,
174 371 357 428 349150.
388 369 613 416 scilicet:
658 369 898 423 ,εἰκότως”;
931 381 1032 413 cum
1068 367 1218 413 Orcus
1249 370 1378 414 nobis
1407 369 1650 425 insidietur,
1681 370 1829 413 omnia

2 442 70 501 {2423
111 440 263 493 ficem
293 436 523 497 debemus,
555 453 612 485 ne
644 452 778 485 canes
809 448 1007 497 pereant.

27 511 34 524 ”
115 530 132 554 ;.
174 524 328 560 cura:
374 513 430 559 de
475 511 714 557 curatione
745 510 1005 555 morborum
1035 512 1212 567 saepius
1245 511 1489 567 adhibetur,
1520 510 1575 556 cf.
1609 510 1828 556 Velleium

2 579 34 602 '³‘
113 584 289 634 Patere.
337 583 392 630 11.
440 583 523 628 123
563 582 637 641 (de
668 581 890 640 Augusto)
923 592 1030 626 mox
1060 592 1163 625 cum
1194 593 1375 626 omnem
1406 594 1564 627 caram
1587 579 1702 639 fata
1731 581 1830 626 vin·

111 659 280 711 cerem,
325 656 534 702 animam
579 654 824 699 caelestem
869 653 999 698 caelo
1045 652 1246 697 reddidit
1252 665 1268 706 ;
1302 652 1424 699 Cels.
1459 653 1513 698 11.
1553 653 1607 699 10
1637 653 1686 698 in
1717 664 1828 698 cura

46 760 49 762 -
108 739 268 787 ‘aquae
297 738 419 785 qaae
444 726 532 772 sab
563 728 713 771 cutem
744 728 829 769 est.

32 855 33 858 Ἴ
173 799 440 846 ducenda:
481 796 723 852 afferenda,
763 795 816 840 cl.
852 793 1011 840 Tibull.
1056 793 1089 840 1.
1121 794 1151 839 2
1181 794 1251 840 77.
1285 794 1344 839 78
1384 807 1495 840 nam
1536 806 1682 851 neque
1722 799 1830 840 tunc

40 923 42 926 ,
92 865 300 929 'plamae
329 881 414 916 nec
441 868 653 926 stragula
679 867 808 924 picta
837 877 1051 922 soporem
1070 870 1089 922 l
1105 877 1189 912 nec
1217 866 1401 912 sonitus
1427 867 1644 922 placidae
1664 867 1830 912 ducere

23 940 39 985 ,’
108 945 272 1000 posset
299 952 467 999 aquae.

43 1012 46 1015 ’
172 1013 438 1059 laborem:
471 1012 650 1063 malum,
684 1011 884 1056 morbus.

43 1212 46 1215 ,
80 1212 84 1217 .
169 1155 355 1210 35os51.
403 1154 576 1200 Versus
606 1155 670 1200 sic
690 1153 870 1199 exhibet
893 1152 1277 1198 vindobonensis:
1309 1152 1417 1197 hinc
1436 1162 1615 1208 quoque
1642 1154 1829 1196 nostrae

41 1239 43 1243 ’
111 1230 132 1284 J
161 1229 236 1272 est
263 1226 409 1282 aliud,
441 1225 565 1283 qaod
590 1229 798 1282 praestet
829 1235 949 1280 opas
975 1223 1206 1280 placabile
1237 1235 1419 1269 namen.

175 1297 303 1344 Haec
333 1299 469 1343 variis
502 1297 645 1342 modis
676 1298 903 1354 corrigunt
935 1296 1019 1340 viri
1049 1296 1180 1340 docti.

36 1406 43 1422 „
173 1369 319 1415 Editio
359 1369 520 1414 Aldina
552 1381 591 1413 a.
630 1368 742 1413 1534
773 1378 925 1413 curata
955 1380 981 1412 a
1016 1365 1220 1424 Georgio
1251 1367 1308 1411 de
1339 1366 1494 1423 Logau
1526 1377 1609 1423 pro
1640 1368 1828 1409 nostrae

36 1457 39 1464 “
110 1443 261 1487 scribit
307 1452 460 1487 nosse.
535 1438 641 1496 Qua
687 1441 966 1486 correctione
1012 1439 1198 1496 probata
1244 1436 1580 1485 Wernsdorfius
1617 1436 1829 1481 adnotat:

41 1520 43 1526 ⁴
115 1513 250 1569 ‚hinc
280 1523 382 1571 post
412 1512 623 1567 remedia,
640 1523 754 1569 quae
784 1512 958 1568 experti
987 1511 1143 1563 sciunt,
1177 1521 1316 1555 nosse
1345 1509 1473 1554 decet
1502 1508 1646 1564 aliud,
1678 1520 1704 1552 a
1726 1505 1827 1551 Deo

28 1579 33 1618 i
113 1586 287 1643 placato
330 1583 703 1642 impetrandum”.
771 1582 845 1628 Sic
892 1592 1039 1628 tamen
1086 1583 1280 1627 nascitur
1326 1582 1540 1626 sententia
1587 1578 1827 1624 admodum

34 1666 35 1669 ’
113 1665 316 1702 contorta
356 1665 487 1713 atque
533 1656 739 1700 obscura.
804 1654 910 1700 Non
957 1654 1142 1699 meliora
1173 1662 1274 1698 sunt
1306 1665 1419 1710 quae
1450 1651 1568 1710 apud
1600 1649 1825 1696 Stet-nium

109 1727 320 1786 legimus:
371 1736 472 1782 „aut
516 1728 579 1772 sic
625 1736 835 1772 construe
881 1726 989 1770 hinc
1020 1736 1199 1782 qaoque
1245 1736 1364 1780 opus
1409 1727 1480 1768 est
1511 1722 1642 1767 aliud
1673 1732 1827 1776 nosse,

31 1815 43 1835 τ
108 1799 233 1856 quod
277 1802 453 1844 numen
473 1801 683 1855 praestet
708 1797 956 1854 placabile,
989 1806 1062 1842 aut
1092 1798 1225 1854 iunge
1256 1800 1328 1841 est
1358 1807 1499 1842 nosse
1530 1794 1662 1839 aliud
1692 1803 1825 1849 opuS,

38 1870 42 1873 *
111 1869 235 1926 quod
264 1870 378 1915 etc'’.

30 1959 33 1993 ρ
169 1940 484 1987 Lachmannus
529 1954 662 1999 quem
710 1943 778 1986 vir
821 1942 982 1986 doctus
1031 1939 1202 1986 Curcio
1249 1949 1428 1985 secutus
1474 1948 1540 1983 est
1574 1949 1733 1983 versus
1763 1937 1826 1981 sic

32 2027 37 2033 ⁸
107 2014 304 2071 scripsit:
337 2023 421 2058 nec
449 2016 663 2069 expertos
684 2011 830 2070 fallet
861 2013 988 2057 Deas
1018 2011 1093 2056 hic
1123 2023 1302 2068 qaoque
1323 2014 1508 2056 noster:
1538 2013 1558 2065 s
1588 2011 1661 2053 est
1680 2007 1824 2061 aliud,

26 2079 31 2087 “
109 2085 231 2142 qaod
266 2088 475 2141 praestet
519 2096 638 2140 opas
679 2085 909 2140 placabile
955 2095 1152 2135 namen,-
1197 2084 1324 2128 Deus
1369 2085 1530 2127 noster
1560 2080 1703 2126 Diana
1735 2088 1826 2134 est;

107 2157 171 2201 sic
211 2165 359 2201 tamen
403 2169 562 2202 versus
594 2158 816 2213 posterior
846 2157 1029 2201 nimium
1062 2156 1252 2213 languet,
1286 2167 1389 2199 nam
1422 2163 1529 2212 post*
1555 2153 1693 2199 verba
1730 2151 1824 2207 „hic

26 2223 28 2227 ’
107 2239 286 2285 quoque
335 2227 478 2273 Diana
518 2227 726 2273 adiuvat‘’
773 2241 863 2273 non
895 2237 1041 2285 potest
1072 2228 1199 2285 sequi
1235 2236 1328 2286 „est
1358 2225 1475 2270 aliud
1506 2235 1673 2270 numen
1705 2223 1824 2281 quod

107 2308 301 2357 praestet
331 2298 490 2357 opus'’.

27 2420 29 2423 ,
168 2370 472 2416 Baehrensius
527 2373 713 2416 coniecit
760 2371 886 2416 huic
932 2382 1114 2427 qaoque
1160 2373 1349 2416 nostrae
1381 2373 1400 2426 l
1431 2372 1503 2414 est
1550 2366 1656 2413 arti
1703 2365 1825 2422 qaod

28 2467 30 2470 >
102 2445 311 2498 praestet
357 2454 476 2499 opus
515 2442 748 2499 placabile
765 2455 974 2498 *namem
1005 2453 1052 2488 ut
1083 2444 1281 2500 priorem
1313 2443 1637 2488 correctionem
1669 2449 1823 2484 veram

24 2535 30 2567 ,;;
107 2512 265 2569 habeo,
295 2515 359 2559 sic
389 2514 570 2559 alteram
601 2514 769 2560 falsam.

111 2598 114 2601 ’
165 2583 296 2630 aliua
341 2594 461 2630 recte
505 2597 555 2631 se
601 2585 745 2641 habet,
792 2587 1034 2644 opponitur
1077 2587 1195 2632 enim
1229 2583 1338 2630 Fato
1369 2593 1412 2629 et
1446 2582 1598 2638 Orco;
1631 2582 1686 2626 ad
1718 2579 1824 2625 haic

26 2665 36 2696 ss
107 2666 287 2712 qaoque
316 2659 505 2701 nostrae
534 2657 832 2715 supplendum
864 2667 931 2703 est
962 2669 1113 2705 carae.

27 2726 30 2730 ’
165 2727 308 2783 quod
333 2729 573 2784 praestet
604 2740 762 2784 opus:
797 2729 1048 2787 Postgatius
1078 2742 1181 2775 cum
1214 2728 1348 2774 Vlitio
1379 2738 1513 2784 opem
1532 2725 1680 2779 edidit,
1703 2722 1822 2779 quod

28 2815 30 2817 ’
105 2801 202 2845 sine
230 2799 367 2845 dubio
398 2801 610 2858 optimam
643 2801 716 2846 dat
747 2803 1033 2857 sententiam3
1066 2802 1294 2859 quaeritur
1325 2811 1488 2854 tamen,
1520 2810 1576 2842 an
1598 2806 1716 2851 opas
1733 2805 1823 2838 ser-

28 2883 44 2933 J.
107 2872 204 2925 vari
234 2872 388 2928 possit,
421 2872 540 2928 quod
571 2872 815 2917 defendunt
848 2874 931 2918 viri
962 2873 1079 2918 docti
1114 2872 1286 2918 Curcio
1316 2882 1359 2917 et
1392 2871 1606 2917 Vollmer.

24 2974 38 3002 κ
112 2960 115 2962 ’
169 2940 381 2999 Quorum
430 2943 502 2988 ille
552 2943 730 2989 adnotat
790 2955 910 3000 opus
957 2965 1013 2984 =
1059 2957 1209 3002 opem,
1262 2943 1506 2998 auxilium,
1554 2940 1674 2985 nullo
1720 2938 1821 2982 loco

105 3011 369 3070 παραλλήλῳ
412 3016 560 3061 addito
606 3038 665 3048 -—
712 3028 858 3073 neque
899 3019 1016 3062 enim
1049 3018 1294 3074 reperietur
1333 3045 1363 3049 -
1388 3050 1399 3070 ,
1431 3015 1502 3058 hic
1534 3023 1644 3057 vero
1675 3010 1823 3054 locum

30 3090 34 3131 ξ
108 3084 171 3129 sic
202 3086 393 3149 explicat-
422 3087 558 3142 quasi
589 3087 908 3132 vadimonium
937 3089 1167 3145 suscipiat
1196 3099 1442 3133 successus
1465 3085 1512 3130 in
1535 3079 1822 3129 medicando.

7 3163 11 3170 ¹
168 3154 290 3203 Licet
351 3156 608 3204 Vollmerus
654 3160 888 3205 obscurius
934 3162 1169 3217 exprimat,
1217 3160 1336 3216 quod
1382 3159 1488 3214 vult,
1537 3167 1682 3202 tamen
1729 3155 1826 3200 eius
