2210 3568
74 279 82 288 ,Δ
978 226 1058 271 105

72 291 117 331 ⁴³¹2,

207 355 395 404 altior:
436 357 491 403 cf,
525 357 662 416 Verg.
698 357 810 402 Aen.
845 357 876 402 l.
909 357 1001 402 209
1026 358 1195 414 premit
1226 359 1374 403 altum
1403 358 1540 403 corde
1570 358 1774 403 dolorem
1806 379 1861 395 =

152 438 242 484 ,er
277 428 560 474 verschliesst
588 428 675 474 den
707 427 923 474 Schmerz
953 430 998 473 in
1030 429 1112 473 der
1143 428 1286 485 Seele,
1318 442 1370 474 so
1401 430 1506 475 dass
1535 441 1586 475 er
1618 429 1696 474 tief
1722 430 1864 474 sitzt‘'.

146 497 290 544 altior
320 519 377 537 =
407 499 583 555 tectior,
614 500 668 545 cf.
703 499 886 557 Vopisc.
920 499 1180 545 Numerian.
1221 502 1272 545 14
1303 502 1502 558 denique
1534 505 1584 546 ut
1604 505 1705 546 erat
1724 501 1866 556 altus,

150 569 256 615 risit
291 573 337 616 ei
366 570 552 624 tacitus,
584 572 657 616 ubi
688 572 814 616 altus
844 592 903 608 =
934 574 1093 616 tectas.
1136 571 1308 617 Vocem
1340 573 1481 618 altior
1509 573 1698 630 explicat
1732 585 1866 618 versu

51 689 54 694 ,
112 666 124 703 'r
150 642 372 699 sequenti:
403 653 579 687 causae
609 643 820 687 latentes.

60 811 64 852 -ss
208 782 311 830 367.
343 783 563 831 vitium:
594 785 650 830 cf.
685 784 819 842 Verg.
856 783 1030 842 Georg.
1064 784 1139 830 111.
1172 785 1260 830 454
1291 785 1437 830 alitur
1462 786 1627 831 vitium
1663 786 1867 842 vivitque

65 905 86 952 ‘¹³
150 854 550 984 afflegem.
570 960 581 970 .
600 961 611 973 .
630 961 640 972 .
680 933 701 981 Ι
731 891 1066 983 corporibus:
1097 940 1179 985 per
1210 937 1349 973 totum
1382 941 1549 986 corpus
1563 929 1868 987 disperserunt

45 998 72 1091 ἐξ
150 997 405 1116 aff.
452 996 595 1045 Flacc.
644 998 742 1045 vl„
769 998 862 1043 609
900 998 1069 1057 (Iason)
1099 998 1282 1056 vimque
1313 1004 1538 1045 recentem
1568 1004 1588 1056 s
1617 1001 1760 1045 sentit
1789 1000 1869 1056 agi

211 1211 313 1260 368.
360 1225 669 1271 seraque...
688 1249 699 1259 .
755 1226 995 1261 summa:
1041 1225 1241 1260 extrema
1289 1218 1670 1261 consummatione
1711 1216 1871 1270 morbi,

60 1327 65 1334 ,.
94 1314 110 1332 .
151 1297 257 1331 sero
286 1285 468 1332 demum
497 1298 549 1332 se
578 1285 810 1344 prodente.

212 1356 406 1405 noxia:
435 1357 649 1403 damnum
679 1360 897 1415 corporis,

165 1539 168 1542 Α
212 1490 543 1554 ³ees7031nde
558 1501 763 1546 emissa
778 1502 896 1547 lues
917 1503 970 1548 et
987 1514 1082 1558 per
1103 1502 1354 1559 contagia
1377 1502 1551 1547 morbi
1565 1502 1758 1559 (morbis
1776 1502 1814 1546 A
1812 1503 1872 1560 )s

213 1582 413 1617 venere
457 1571 515 1616 in
547 1572 795 1629 volgum:
841 1573 951 1618 haec
997 1574 1206 1619 scribenti
1248 1572 1426 1619 Grattio
1457 1582 1558 1618 ante
1589 1573 1744 1618 oculos
1776 1585 1874 1618 ver-

153 1643 334 1688 sabatur
378 1643 504 1688 locus
537 1643 832 1703 VergilianuS,
879 1643 1052 1703 Georg.
1087 1644 1163 1690 111.
1195 1644 1285 1690 468
1314 1658 1410 1702 sqq.
1443 1645 1660 1690 continuo
1692 1645 1874 1700 culpam

145 1711 283 1771 ferro
328 1725 578 1772 compesce,
622 1715 757 1772 prius
803 1728 942 1772 quam
989 1721 1008 1767 l
1039 1717 1145 1761 dira
1171 1728 1260 1773 per
1289 1716 1524 1761 incautum
1553 1719 1746 1772 serpant
1774 1727 1877 1760 con-

51 1778 64 1819 4
153 1785 285 1843 tagia
313 1786 490 1843 volgus.
523 1790 543 1843 s
574 1799 668 1833 non
697 1792 795 1833 tam
825 1789 983 1837 creber
1010 1801 1157 1846 agens
1188 1789 1387 1835 hiemem
1407 1789 1500 1834 ruit
1520 1800 1722 1845 aequore
1743 1789 1875 1833 turbo

48 1898 51 1906 ,
154 1861 175 1912 l
204 1867 345 1914 quam
375 1858 549 1903 multae
573 1861 804 1915 pecudum
830 1864 1001 1916 pestes.
1034 1873 1116 1906 nec
1147 1861 1334 1918 singula
1366 1861 1512 1906 morbi
1532 1861 1759 1919 [corpora
1779 1872 1878 1905 cor-

61 1979 69 1985 ,
156 1929 344 1985 ripiunt.
1336 1976 1339 1980 ,

219 1999 282 2046 Hi
327 2001 413 2047 loci
457 2003 572 2047 inter
616 2015 667 2048 se
713 2005 956 2061 comparati
1002 2005 1162 2049 iterum
1194 2017 1278 2050 nos
1309 2004 1484 2060 docent,
1517 1999 1650 2061 quar'n
1683 2016 1792 2049 vera
1822 2005 1876 2048 sit

157 2070 386 2118 Schenklii
436 2075 692 2119 observatio
740 2074 854 2133 (Zur
902 2073 1049 2120 Kritik
1101 2088 1144 2120 u.
1197 2075 1746 2134 Ueberliel'erungsgesch.
1798 2075 1877 2120 des

159 2141 376 2200 Grattius,
417 2143 573 2201 Jahrb.
621 2145 651 2190 f.
704 2144 850 2192 Class.
891 2145 1003 2192 Phil.
1037 2146 1185 2192 XXIV
1219 2161 1261 2205 p.
1293 2147 1401 2203 415)
1437 2145 1660 2192 Grattium
1694 2146 1878 2204 Vergilii

156 2217 353 2260 carmina
385 2227 519 2262 nosse
555 2226 686 2274 atque
726 2219 874 2276 magni
904 2217 1065 2275 facere,
1099 2231 1244 2277 neque
1276 2229 1422 2264 tamen
1454 2218 1675 2264 serviliter
1706 2219 1877 2262 imitari.

50 2348 51 2351 Ἴ
219 2286 313 2333 Pro
368 2298 582 2346 corrupto
639 2289 811 2334 morbis
867 2289 1071 2336 Sternius
1125 2294 1295 2336 mortes
1341 2291 1490 2349 legere
1537 2290 1713 2336 volebat
1759 2290 1878 2347 quod

62 2379 64 2382 ·
92 2403 101 2413 ,
147 2346 463 2405 ’Βεεὴτεηεὶυε
493 2370 536 2405 et
568 2360 820 2419 Postgatius
851 2363 895 2407 in
913 2372 1036 2408 textu
1053 2373 1313 2420 posuerunt.
1347 2362 1550 2408 Stet-nius
1565 2375 1692 2407 suam
1709 2362 1879 2407 coniec-

158 2441 302 2477 turam
334 2432 391 2477 ita
421 2431 640 2477 defendit:
678 2434 850 2488 „morbi
878 2436 1077 2492 reposuit
1110 2435 1293 2491 Vlitius;
1325 2445 1368 2480 at
1399 2447 1512 2481 vero
1543 2436 1587 2479 in
1614 2444 1703 2479 tam
1726 2433 1878 2479 vivido

57 2553 60 2558 ,
156 2512 201 2549 et
244 2504 424 2549 incitato
474 2515 640 2562 genere
685 2505 860 2550 dicendi
891 2516 1104 2564 augeatur
1135 2507 1313 2565 pondus
1343 2519 1528 2553 necesse
1559 2516 1625 2552 est
1655 2505 1879 2563 sequentis

67 2576 69 2578 ’
158 2575 402 2620 sententiae
447 2587 562 2632 quae
608 2576 730 2622 hisce
776 2578 949 2622 verbis:
996 2581 1044 2622 et
1084 2590 1172 2635 per
1212 2578 1431 2635 contagia
1478 2577 1624 2623 morbi
1670 2590 1711 2621 v.
1760 2576 1790 2621 i.
1835 2588 1877 2620 v.

160 2644 344 2691 mirifice
389 2647 612 2692 minuitur.
661 2648 780 2694 Nam
831 2649 953 2694 luem
999 2650 1148 2695 emitti
1193 2652 1376 2708 gravius
1421 2660 1487 2695 est
1534 2650 1697 2695 dictum
1745 2660 1877 2704 quam

49 2703 64 2755 Ῠῑ
162 2717 345 2762 morbos
374 2717 574 2763 venire·’.

53 2783 72 2794 ’
223 2787 356 2846 Quae
383 2798 533 2835 tamen
565 2802 656 2835 non
687 2800 808 2836 recte
838 2792 1056 2850 disputata
1087 2803 1202 2838 sunt.
1236 2793 1356 2838 Lues
1386 2794 1503 2838 enim
1526 2792 1627 2837 mali
1649 2790 1876 2836 cuiusdam

163 2862 253 2906 vim
299 2861 385 2907 late
428 2859 636 2907 diffusam
683 2861 912 2920 significat,
958 2864 1078 2922 quod
1130 2863 1403 2910 Germanice
1440 2860 1877 2917 ¹‚Krankheitsstoli'”

161 2932 373 2987 redditur,
405 2932 592 2977 morbus
622 2945 734 2977 vero
766 2933 956 2979 adversa
986 2945 1054 2981 est
1084 2936 1293 2981 valetudo
1339 2947 1453 2994 quae
1493 2934 1691 2991 singulos
1734 2931 1877 2977 allicit.

166 3003 261 3048 Lae
290 3004 422 3062 igitur
452 3005 614 3049 emissa
646 3004 792 3049 morbi
822 3006 1039 3051 oriuntur.
1081 3005 1373 3065 Quapropter
1404 3019 1505 3052 cum
1540 3004 1611 3049 Fr.
1647 3003 1878 3049 Vollmero

162 3074 398 3132 recipiatur
415 3074 534 3119 Vlitii
551 3077 758 3121 nostratis
771 3077 1022 3123 emendatio
1034 3093 1046 3134 3
1062 3079 1179 3123 idem
1197 3091 1358 3124 versus
1370 3077 1467 3122 linis
1481 3076 1654 3120 Lucret.
1669 3074 1731 3119 Vl
1753 3073 1878 3119 1236.

225 3157 445 3193 venere:
476 3147 636 3192 eodem
668 3148 805 3193 modo
835 3148 1051 3194 veniendi
1081 3151 1223 3195 verbo
1249 3151 1383 3195 utitur
1406 3148 1640 3206 Vergilius,
1664 3146 1775 3191 Aen.
1802 3144 1876 3190 111.
