2210 3568
1195 275 1252 318 54

425 409 494 453 ad
525 419 654 452 aera
669 406 765 465 (A):
803 404 1011 449 Barthius
1042 404 1096 448 ad
1128 404 1244 448 hunc
1276 403 1420 447 locum
1453 403 1652 447 adnotat:
1690 415 1804 456 „non
1826 411 1891 447 est
1913 402 2065 448 Latina

366 480 474 524 haec
515 480 742 534 scriptura.
791 474 1080 520 Scribendum
1112 474 1174 518 ad
1204 473 1393 517 aethera
1424 473 1494 517 vel
1527 473 1575 517 in
1604 472 1757 516 aera.''
1791 473 2064 530 Bur-manno,

366 551 439 606 qui
481 548 647 593 Barthii
677 546 1012 591 sollicitudinem
1042 545 1098 589 de
1128 545 1210 589 hac
1241 544 1460 588 locutione
1491 544 1716 588 ridiculam
1749 552 1890 597 vocat,
1922 551 2066 588 tamen

365 633 455 666 non
513 619 703 675 contigit,
761 626 806 660 ut
861 616 923 659 ad
962 615 1084 673 [aera
1137 615 1311 660 defendi
1359 627 1491 671 posse
1545 616 1775 671 probaret;
1841 615 1902 668 „si
1956 624 2068 658 aera

364 702 527 744 sumas,
572 700 654 745 pro
694 687 904 744 quidquid
945 696 1011 730 est
1052 686 1245 730 medium
1286 686 1398 729 inter
1434 685 1603 730 caelum
1634 694 1676 729 et
1707 694 1860 740 terras,
1891 696 1946 728 an
1978 695 2065 729 non

365 770 484 805 recte
531 769 694 804 termes
740 758 895 802 dicitur
941 758 1064 814 exire
1110 757 1172 800 ad
1214 767 1339 808 aera,
1385 757 1427 799 id
1473 765 1539 800 est
1583 768 1632 801 se
1679 755 1830 800 tollere
1865 754 2067 800 humo?”
2141 786 2145 789 ⁴
2195 756 2208 797 {⁷

366 831 551 876 Minime
601 830 804 886 equidem
869 828 1144 884 respondem
1202 827 1428 883 quomodo
1485 827 1656 884 aliquid,
1719 825 1838 882 quod
1888 826 1974 870 iam
2021 823 2069 869 in

364 913 471 946 aere
506 911 587 956 est,
633 913 682 945 se
724 900 878 944 tollere
924 907 1067 955 potest
1115 898 1178 942 ad
1218 896 1364 941 aera?
1410 897 1569 954 Neque
1627 898 1858 958 quicquam
1889 895 2070 954 prodest

366 985 626 1030 comparare
668 972 930 1016 adiectivum
977 969 1147 1021 aerias,
1190 968 1348 1012 aeriae
1388 968 1586 1020 arbores,
1624 968 1728 1022 nihil
1759 966 1939 1024 prodest
1968 977 2069 1011 cum

369 1043 630 1088 Burmanno
659 1044 793 1087 citare
829 1040 989 1085 Grattii
1022 1052 1203 1084 versum
1236 1039 1345 1083 503:
1378 1039 1450 1097 (de
1483 1038 1616 1096 equo)
1646 1038 1795 1082 ardua
1817 1035 1991 1094 fundet
2022 1035 2070 1081 in

366 1125 548 1159 auras
578 1117 598 1167 s
628 1124 762 1157 crura
792 1122 864 1156 aut
895 1124 996 1155 cum
1030 1110 1162 1154 Vlitio
1200 1110 1333 1166 Verg.
1356 1109 1524 1166 Georg.
1549 1109 1602 1153 11.
1625 1109 1713 1153 363
1729 1109 1838 1153 dam
1851 1104 1905 1152 se
1920 1108 2071 1152 laetus

365 1185 439 1230 ad
474 1195 659 1229 auras
698 1190 716 1236 s
756 1183 935 1238 palmes
977 1181 1087 1237 agit,
1129 1193 1231 1225 cum
1263 1180 1326 1224 ad
1369 1180 1440 1224 vel
1473 1180 1521 1224 in
1551 1192 1693 1224 auras
1724 1200 1780 1217 =
1811 1181 1856 1223 in
1887 1178 2069 1224 caelum.

370 1255 489 1301 Cum
535 1255 689 1299 talibus
737 1254 1010 1310 argumentis
1056 1263 1166 1296 aera
1213 1251 1388 1295 defendi
1434 1264 1566 1308 posse
1603 1263 1692 1295 non
1724 1260 1937 1307 putarem,
1968 1260 2069 1294 cum

367 1325 551 1369 Eat-thio
601 1317 873 1368 Baehrensio
926 1323 1152 1379 Postgatio
1200 1322 1262 1365 ad
1306 1321 1495 1365 aethera
1540 1323 1687 1378 recepi
1732 1321 1816 1365 loci
1860 1319 2069 1365 Ovidiani

367 1408 540 1440 memor
586 1394 710 1453 (Met.
757 1394 811 1438 11.
855 1393 974 1450 532),
1016 1394 1090 1438 ubi
1132 1392 1175 1437 Ο
1222 1394 1352 1437 habet
1391 1392 1593 1448 aethera,
1626 1391 1658 1435 F
1691 1403 1822 1446 aera,
1838 1392 1924 1453 *sed
1955 1403 2070 1435 nunc

367 1478 479 1511 aera
510 1476 629 1511 recte
661 1479 709 1510 se
740 1466 911 1509 habere
943 1464 1047 1508 mihi
1079 1473 1269 1508 constat:
1303 1475 1387 1507 aer
1413 1465 1530 1507 enim
1562 1463 1647 1507 hoc
1678 1463 1776 1507 loco
1803 1481 1866 1516 ---,
1881 1461 2070 1516 caelum,
2148 1473 2150 1475 ’

366 1547 411 1581 ut
445 1537 662 1581 Ammian.
705 1536 904 1580 Marcell.
938 1535 1096 1580 XXIII.
1130 1534 1171 1590 6,
1204 1534 1263 1578 67
1296 1534 1421 1578 aeris
1441 1533 1600 1590 facies
1631 1533 1814 1578 munda.

435 1677 675 1721 140—149.
730 1676 976 1733 Quomodo
1023 1677 1219 1727 arbores,
1254 1687 1366 1731 quae
1411 1687 1499 1719 non
1545 1683 1703 1731 sponte
1738 1687 1817 1718 sua
1849 1673 2072 1718 hastilibus

371 1758 496 1807 aptae
526 1758 642 1803 sunt,
674 1759 888 1804 procerae
920 1747 1035 1800 fiant,
1067 1747 1276 1790 docturus
1306 1755 1372 1791 est
1404 1755 1543 1802 poeta.

437 1890 518 1934 140
548 1889 842 1933 luxuriam:
899 1889 1177 1933 surculorum
1231 1888 1408 1931 nimiam
1466 1886 1786 1939 abundantiam,
1833 1885 1886 1929 cf.
1936 1884 2070 1942 Verg.

376 1960 544 2018 Georg.
565 1960 595 2004 1.
635 1960 709 2003 191
749 1959 933 2003 luxuria
954 1957 1204 2015 foliorum;
1239 1956 1484 2002 Columella
1504 1956 1579 2000 IV.
1602 1955 1653 1999 21
1681 1955 1919 2000 luxuriosa
1938 1955 2074 2007 vitis;

373 2032 461 2077 vid.
493 2033 622 2075 etiam
658 2029 753 2075 Cic.
788 2031 842 2074 de
874 2039 982 2074 orat.
1018 2029 1092 2073 111.
1133 2030 1226 2083 155,
1271 2039 1522 2084 „gemmare
1553 2027 1684 2078 vite-5,
1715 2026 1940 2070 luxuriem
1970 2037 2078 2070 esse·

375 2103 424 2147 in
454 2102 619 2154 herbis,
652 2102 805 2145 laetas
834 2099 1041 2156 segetes'’
1074 2100 1215 2144 etiam
1242 2099 1403 2143 rustici
1432 2099 1615 2150 dicant,·
1656 2097 1765 2142 Hes.
1797 2097 1940 2152 Ἔργα
1972 2097 2072 2142 473.

374 2169 454 2215 ὧδέ
485 2189 554 2216 κεν
585 2171 794 2228 ἁδροσιῖνῄ
828 2174 1003 2227 στάχυες
1035 2172 1195 2212 νεύοιεν
1227 2169 1355 2224 ἐ’ραζε.

430 2242 591 2287 fetus:
624 2254 786 2297 ramos,
818 2242 871 2286 ef.
923 2242 1057 2299 Verg.
1107 2241 1217 2286 Aen.
1253 2241 1330 2285 VI.
1379 2238 1492 2284 141.
1540 2240 1798 2284 auricomos
1828 2250 1965 2295 qaam
1996 2237 2076 2294 qai

374 2313 649 2370 decerpserit
678 2313 838 2357 arbore
859 2312 1006 2369 fetus,

441 2455 536 2500 141.
593 2453 903 2498 frondosas:
950 2454 1214 2510 proleptiee:
1267 2454 1328 2506 „si
1374 2418 1611 2509 indulgeas,
1656 2450 1886 2495 frondibus
1931 2451 2075 2494 nimiis

375 2525 645 2584 graventur''
677 2523 923 2583 (Vollmer).

434 2597 634 2641 silvas:
668 2597 865 2640 arbores,

444 2737 536 2782 142.
587 2738 711 2792 post
757 2735 849 2779 ubi
895 2734 1126 2790 proceris
1173 2746 1433 2790 generosa
1479 2733 1733 2788 stirpibus
1779 2735 1937 2777 arbor
1966 2738 1986 2786 Ι
2017 2745 2074 2777 se

379 2808 603 2853 dederit:
654 2806 998 2860 Wernsdorfius,
1031 2818 1162 2861 quem
1209 2814 1385 2849 secutus
1429 2814 1494 2848 est
1541 2805 1759 2860 Postgate,
1807 2804 1952 2861 legere
1985 2803 2084 2849 vult

375 2890 647 2935 generosam
691 2889 744 2921 se
789 2876 965 2920 dederit
1009 2888 1090 2931 pro
1121 2887 1427 2931 generosa...
1466 2887 1518 2919 se
1548 2875 1723 2918 dederit
1753 2873 1852 2932 (A);
1884 2874 2076 2919 conferri

378 2951 553 3006 quidem
598 2957 782 3005 possunt
828 2948 924 3000 loci,
971 2946 1122 3002 quales
1167 2956 1267 2990 sunt
1317 2945 1517 2990 Grattius
1564 2945 1644 2988 103
1685 2957 1736 2988 se
1769 2945 1933 2988 iustior
1968 2944 2073 3000 egit,

381 3020 515 3077 Verg.
563 3020 673 3064 Aen.
722 3018 841 3063 VIII.
888 3017 975 3060 465
1015 3028 1067 3059 se
1109 3017 1362 3060 matutinas
1399 3016 1576 3071 agebat,
1607 3016 1685 3060 sed
1717 3016 1938 3072 quaeritur
1968 3027 2073 3058 num

378 3092 545 3147 syllaba
584 3102 642 3135 sa
673 3091 796 3135 vocis
822 3098 1046 3144 generosa
1077 3088 1343 3143 producatur
1371 3099 1395 3130 a
1430 3085 1626 3140 Grattio;
1658 3087 1702 3129 in
1735 3086 1882 3142 Elegia
1913 3085 2076 3130 vocalis

381 3163 527 3205 brevis
584 3170 682 3205 ante
738 3161 847 3203 duas
902 3167 1195 3203 consonantes
1257 3170 1473 3213 nusquam
1519 3157 1785 3213 producitur,
1833 3157 1914 3201 nisi
1960 3155 2075 3212 apud
