2210 3568
1163 238 1221 282 84

347 365 554 419 recedere
593 365 770 421 debent,
806 365 1016 422 satisque
1042 365 1229 422 pulchre
1261 366 1530 424 funguntur
1555 367 1727 425 officio,
1758 369 1805 414 si
1833 372 1880 414 et
1907 370 2042 418 adve-

347 437 548 481 nientem
586 436 820 492 sagaciter
847 437 1103 482 odorantur
1128 441 1173 482 et
1202 438 1375 483 latratu
1406 442 1662 484 conterrent
1693 451 1775 484 nec
1799 440 2046 496 patiuntur

341 507 537 563 propius
595 508 833 552 accedere.
862 508 935 552 vel
990 509 1280 554 constantius
1332 509 1778 566 appropinquantem
1821 511 2046 557 violenter

348 578 585 624 invadunt.

409 649 525 694 Nam
573 650 830 706 praesertim
876 650 921 694 in
967 650 1193 696 velocibus
1238 652 1418 696 canibus
1459 651 1597 708 longa
1638 653 1850 709 probatur
1877 652 2042 706 cauda,

347 732 473 776 quae,
506 728 552 764 ut
582 721 638 764 ait
670 719 840 776 VlitiuS,
869 721 1169 777 gubernaculi
1200 722 1351 766 instar
1368 731 1434 767 est
1454 731 1680 780 totumque
1702 735 1866 780 corpus
1885 723 2042 782 dirigit,

347 791 400 836 cf,
450 804 562 848 quae
609 791 1056 850 Pseudo-Xenophon
1097 793 1154 851 (5.
1198 793 1273 851 32)
1317 793 1372 838 de
1417 793 1664 850 leporibus·
1686 793 1810 838 dicit:
1841 795 1969 850 οὐρὰν
1999 792 2044 836 δὲ

346 863 422 903 οὐκ
467 862 703 917 ἐπιτηδείαν
747 862 826 920 ἔχει
865 866 966 919 πρὸς
1008 863 1176 919 δρόμον·
1211 864 1539 908 ἐπευθύνειν
1571 866 1650 920 γὰρ
1681 865 1774 921 οὐχ
1805 865 1954 918 ἱκανὴ
1985 866 2042 907 τὸ

346 941 495 986 σῶμα
525 932 616 975 διὰ
646 936 740 987 τὴν
769 933 1027 991 βραδύτητα.

406 1003 479 1049 Ps.
482 1003 752 1062 -Xenophon
782 1004 841 1063 (4.
863 1004 910 1063 2)
931 1006 1135 1050 describit
1161 1018 1294 1051 canes
1327 1005 1521 1061 ἐλαφρὰς,
1541 1006 1753 1059 ποδώκεις,
1774 1014 2043 1064 quapropter

346 1075 438 1120 vult
467 1087 547 1120 eos
567 1075 730 1121 habere
752 1077 876 1132 οὐρὰς
900 1080 1061 1131 μακράς
1081 1076 1140 1135 (4.
1169 1077 1231 1134 1);
1255 1076 1470 1121 Arrianus
1495 1076 1611 1134 Cyn.
1630 1078 1671 1121 5.
1689 1077 1719 1121 9
1735 1089 1866 1122 canes
1887 1077 2044 1134 probat

345 1146 556 1191 habentes
601 1148 726 1202 οὐρὰς
770 1139 926 1195 λεπτὰς
972 1150 1158 1203 μακράς,·
1203 1147 1438 1205 Oppianus
1470 1147 1694 1205 Apam.1.
1733 1148 1814 1193 411
1865 1148 2042 1193 suadet.

346 1217 530 1271 στρυφνή
562 1217 599 1258 τ’
631 1217 816 1266 ἐκτάδιός
848 1234 891 1259 τε
920 1217 1040 1260 πέλοι
1071 1217 1323 1275 δολιχόσκιος
1353 1219 1465 1274 οὐρή.

404 1287 739 1344 discretaque
771 1289 905 1333 collo
937 1290 1222 1334 caesaries:
1255 1290 1441 1334 verbum
1474 1289 1766 1334 discernendi
1797 1289 2000 1334 translata
2017 1301 2042 1334 a

346 1370 501 1404 comae
546 1368 750 1416 comptu;
796 1360 1045 1406 discrimen
1091 1363 1207 1405 enim
1244 1361 1385 1418 capilli
1416 1362 1587 1418 pectine
1616 1361 1814 1405 extricati
1843 1369 1886 1406 et
1915 1361 2044 1406 divisi

345 1431 388 1473 in
434 1429 545 1474 duas
590 1439 737 1486 partes
782 1429 969 1488 (Batave
1022 1431 1318 1489 „scheiding”‚
1361 1431 1574 1477 German.
1608 1430 1829 1489 Scheitel),
1860 1431 1916 1477 cf.
1951 1430 2041 1477 Ov.

348 1499 436 1545 Ars
481 1514 564 1545 am.
615 1501 689 1545 111.
744 1500 825 1545 137
871 1502 1009 1557 longa
1040 1503 1209 1558 probat
1228 1502 1387 1559 facies
1418 1503 1586 1558 capitis
1617 1502 1887 1547 discrimina
1911 1502 2045 1558 puri,-

349 1570 403 1615 11.
450 1571 538 1616 303
582 1573 884 1628 compositum
929 1574 1177 1618 discrimen
1221 1574 1333 1618 erit:
1377 1573 1648 1618 discrimina
1687 1573 1843 1618 lauda.
1878 1572 2043 1619 Graeci

346 1653 523 1687 comam
554 1643 755 1688 divisam
785 1645 1070 1689 nominabant
1100 1646 1218 1701 τρίχα
1247 1645 1547 1701 μεμερισμένην.

405 1783 507 1828 273.
569 1796 674 1829 neu
704 1795 847 1839 pexa
877 1784 1064 1828 nimis:
1094 1797 1185 1830 non
1208 1786 1336 1829 nimis
1358 1785 1524 1840 villosa,
1547 1784 1601 1830 cf,
1626 1785 1736 1830 Xen.
1762 1784 1937 1843 Cyneg.
1955 1785 1996 1831 4.
2013 1785 2043 1831 6

346 1853 520 1911 εὗτριχες
567 1853 610 1897 δὲ
652 1855 710 1914 (οἱ
738 1855 889 1914 κύνες),
931 1856 1005 1900 ἐὰν
1046 1855 1169 1913 ἔχωσι
1210 1854 1415 1909 λεπτὴν
1456 1857 1526 1896 καὶ
1554 1857 1719 1910 πυκνὴν
1749 1857 1821 1898 καὶ
1849 1855 2043 1910 μαλακὴν

346 1927 424 1979 τὴν
452 1925 584 1983 τρίχα.

404 2066 506 2113 274.
568 2067 765 2111 validis
809 2068 927 2112 turn
972 2069 1160 2123 surgat
1204 2068 1390 2123 pectus
1435 2070 1505 2112 ab
1543 2067 1730 2111 armis:
1761 2067 1878 2125 apud
1910 2065 2046 2113 Colu-
2077 2043 2079 2045 Ι

347 2139 521 2184 mellam
572 2137 672 2183 V11.
729 2137 782 2182 12
833 2140 952 2183 canis
1008 2139 1219 2183 villaticus
1275 2139 1533 2184 describitur
1593 2138 1747 2195 amplo
1790 2138 2043 2194 villosoque

341 2213 537 2266 pectore,
583 2209 739 2254 latis
784 2210 984 2264 armis;
1032 2209 1267 2267 Oppianus
1313 2209 1471 2267 Apam.
1523 2209 1699 2267 Cyneg.
1733 2209 1765 2254 1.
1797 2208 1886 2253 409
1914 2208 2042 2264 εὐρέες

347 2279 608 2335 ὠμοπλάται.

405 2419 507 2466 275.
567 2423 774 2477 pectus.
794 2455 805 2466 .
823 2455 834 2466 .
867 2426 889 2475 Ι
918 2418 1057 2477 quod
1078 2433 1306 2478 magnos
1327 2421 1506 2476 capiat
1526 2423 1706 2466 motus
1727 2421 2042 2477 magnisque

349 2493 600 2546 supersit:
634 2493 688 2537 Cf.
723 2492 915 2549 Oppian.
950 2493 1108 2550 Apam.
1145 2492 1319 2550 Cyneg.
1355 2493 1386 2537 Ι.
1418 2492 1506 2536 406
1527 2493 1686 2546 στήθεα
1707 2491 1828 2548 νέρθε
1849 2494 2042 2548 κραταιά,

347 2561 517 2616 setiam,
550 2562 749 2608 Pseudo·
750 2564 860 2608 Xen.
896 2562 1015 2642 Cyn.
1048 2563 1091 2608 4.
1130 2563 1144 2607 1
1172 2565 1291 2608 canis
1312 2564 1468 2608 habeat
1489 2572 1662 2621 oportet
1696 2563 1834 2618 στήθη
1863 2561 2042 2616 πλατέα,

348 2636 403 2687 μὴ
435 2636 611 2689 ἄσαρκα.

409 2703 523 2749 Vide
553 2717 683 2762 quam
714 2704 821 2749 felix
850 2705 903 2749 sit
934 2713 1063 2761 poeta
1094 2706 1137 2749 in
1171 2705 1396 2750 vocabulis
1426 2706 1517 2749 suis
1547 2704 1770 2762 eligendis,
1802 2704 1921 2762 quod
1950 2716 2040 2749 non

349 2777 568 2831 praeteriit
607 2775 785 2821 Vlitium
829 2784 1069 2819 nostratem
1101 2776 1155 2819 ad
1186 2776 1302 2820 hunc
1335 2788 1516 2820 versum
1546 2775 1887 2820 exclamantem:
1925 2786 2041 2830 „non

350 2847 489 2902 potuit
529 2848 695 2892 maiore
731 2847 886 2903 spiritu
917 2847 1108 2903 pectoris
1140 2848 1467 2904 amplitudinem
1499 2845 1811 2892 commendare
1841 2857 2042 2890 summus

350 2917 516 2961 vates'’.

410 2987 548 3032 Poeta
594 2987 678 3032 hoc
726 2988 807 3032 sibi
849 2986 962 3031 vult:
995 2996 1147 3043 pectus
1192 2988 1311 3044 quod
1358 3000 1500 3044 neque
1550 2988 1749 3043 spiritum
1790 2985 2042 3044 praecludat

351 3071 493 3114 neque
525 3071 678 3103 canem
711 3059 908 3103 crebrius
939 3059 1228 3115 respirantem
1260 3061 1441 3103 nimium
1473 3059 1632 3115 fatiget.

410 3129 590 3174 Persius
613 3130 836 3174 vocabulis
855 3129 1066 3173 similibus
1099 3130 1229 3173 utitur
1260 3137 1537 3184 μεταφορικῶς
1568 3128 1675 3186 (Sat.
1706 3129 1742 3173 1.
1769 3127 1916 3185 l3ll4)
1935 3126 2042 3171 scri-
