2210 3568
1192 245 1250 289 74

363 374 551 432 femina
591 375 724 418 turba
768 374 922 426 senis;
970 373 1059 418 Ov.
1104 386 1211 418 rem.
1245 374 1333 418 586
1378 386 1496 430 quae
1540 375 1708 435 relevet
1746 376 1908 429 luctus,
1938 377 2075 423 turba

371 446 551 490 sodalis
596 446 750 497 abest,·
797 444 908 489 Fast.
960 445 1033 489 III.
1082 445 1169 489 582
1215 446 1364 490 incola
1401 446 1545 500 turba,
1579 446 1631 490 cf.
1667 442 1985 492 Rothsteinium
2016 449 2071 492 ad

374 517 577 573 Propert.
614 516 645 569 I,
686 516 748 559 13.

431 599 527 631 nec
569 598 705 629 vasa
741 587 984 631 tenentia
1029 587 1206 643 longe:
1247 589 1390 632 omnis
1422 589 1596 644 generis
1627 589 1826 645 supellex
1855 600 2071 634 vasorum

371 660 548 702 nomine
590 657 868 714 significatur,
906 658 959 702 cf,
1002 657 1138 702 Plaut.
1183 657 1325 702 Aulul.
1364 658 1596 716 (Lindsav)
1641 659 1710 703 95.
1753 659 1834 703 96:
1879 661 2071 705 cultrum

370 728 567 772 securim
604 728 830 783 pistillum
862 729 1127 773 mortarium
1158 732 1177 783 l
1207 740 1325 784 quae
1357 730 1527 773 utenda
1558 741 1695 773 vasa
1723 741 1904 785 sempev
1931 730 2073 775 vicini

373 802 561 854 rogant‚·
606 799 778 855 Ulpian.
825 799 922 856 Dig.
964 799 1034 843 33.
1077 800 1117 843 7.
1159 799 1188 842 8
1226 811 1361 843 vasa
1405 811 1522 855 quae
1554 800 1687 844 utilia
1718 801 1920 845 culturae
1948 804 2071 854 sunt,

373 873 592 922 aratrum,
638 870 828 926 ligones,
862 870 1059 922 sarcula,
1082 869 1252 926 falce&
1283 870 1516 923 bidentes,·
1546 873 1609 915 sic
1639 882 1756 915 vasa
1786 872 2071 917 instrumenta

374 942 599 984 venatoria
629 951 685 994 et,
718 950 972 998 comparato
1008 941 1262 985 Nemesiani
1285 954 1418 986 versu
1440 943 1767 986 trecentesimo.
1786 948 1827 987 ..”
1850 942 2072 999 longoque
2131 964 2133 967 ·

374 1011 577 1054 meantia
617 1011 734 1055 retia
774 1014 936 1063 tractu,
967 1012 1086 1055 retia
1116 1012 1264 1056 dicere
1299 1011 1498 1056 Grattius
1531 1013 1715 1056 videtur.
1763 1012 1883 1057 Idem
1916 1025 2073 1058 versus

372 1093 455 1125 nos
496 1082 624 1126 docet
663 1082 869 1126 tenentia
911 1083 1043 1137 longe
1084 1081 1328 1139 significare
1372 1095 1510 1138 „quae
1552 1096 1632 1140 per
1673 1084 1853 1141 longum
1884 1085 2071 1141 spatium

372 1153 659 1208 procedunt'’‚
693 1153 948 1197 conferendi
975 1162 1075 1196 sunt
1106 1155 1133 1196 ii
1164 1153 1261 1207 Ioci,
1285 1154 1357 1196 ubi
1379 1156 1531 1197 tenere
1552 1155 1823 1199 intransitive
1844 1155 2073 1199 adhibetur

374 1235 463 1266 non
511 1224 566 1267 de
611 1225 765 1279 spatio,
812 1233 858 1267 ut
902 1223 983 1278 hic,
1027 1224 1106 1267 sed
1147 1224 1201 1267 de
1234 1233 1445 1280 tempore,
1478 1237 1515 1268 e.
1548 1237 1587 1281 g.
1620 1225 1715 1269 Liv.
1749 1225 1908 1269 XXIII.
1941 1225 2011 1269 44.
2043 1225 2073 1270 6

376 1293 517 1337 imber
552 1294 790 1338 continens
818 1305 901 1348 per
931 1297 1106 1337 noctem
1136 1287 1281 1338 to'tam
1311 1306 1455 1350 usque
1486 1295 1547 1339 ad
1578 1295 1736 1340 horam
1766 1296 1949 1340 tertiam
1978 1295 2074 1340 diei

376 1364 660 1419 insequentis
689 1365 849 1420 tenuit,
882 1365 934 1409 cf.
972 1365 1297 1409 Drakenborch
1330 1366 1385 1409 ad
1418 1365 1513 1410 Liv.
1550 1366 1625 1410 IV.
1659 1366 1699 1411 7.
1733 1367 1774 1411 7.

433 1482 533 1526 220.
567 1484 713 1538 operi
745 1484 936 1538 petito:
966 1456 1168 1538 praedae
1196 1484 1383 1538 petitae,
1419 1483 1509 1528 Ov.
1545 1484 1633 1529 Ars
1655 1484 1753 1529 Am.
1779 1485 1830 1528 II.
1853 1484 1882 1529 2
1904 1484 2075 1530 decidit

376 1553 424 1597 in
455 1565 613 1598 casses
641 1556 816 1609 praeda
844 1555 992 1610 petita
1023 1566 1161 1599 meos,

1013 1696 1087 1741 De
1119 1698 1443 1752 metagonte.

434 1800 533 1845 221.
577 1802 895 1857 adsumptus
937 1804 1216 1858 metagon:
1258 1803 1310 1847 cf.
1352 1803 1518 1847 Aelian.
1564 1803 1662 1847 Nat.
1706 1803 1849 1847 Anim.
1889 1803 2012 1847 VIII.
2045 1803 2074 1847 2

379 1873 585 1922 ἐπάγεται
619 1876 691 1914 τὸν
722 1876 914 1928 θηρατὴν
948 1879 1174 1928 προθυμῶς
1207 1890 1249 1915 τε
1282 1876 1350 1915 καὶ
1384 1882 1628 1927 καρτερικῶς
1661 1870 1707 1915 εὖ
1736 1873 1853 1927 μάλα
1885 1876 1910 1916 ό
1946 1877 2073 1918 κύων.

436 1943 655 1990 lustrat:
687 1955 827 1999 errat;
861 1946 1120 2001 plerumque
1151 1947 1374 1989 transitive
1407 1947 1594 2001 ponitur,
1627 1945 1680 1989 cf.
1718 1943 1813 1988 Cic.
1846 1945 1901 1989 de
1934 1943 2071 1988 Finib.

378 2013 431 2057 V.
464 2013 523 2057 29
571 2006 855 2071 Pythagoras
901 2019 946 2059 et
986 2016 1240 2071 Aegyptum
1271 2015 1495 2070 lustravit,
1529 2016 1664 2072 Prop.
1701 2015 1754 2067 11,
1784 2014 1854 2059 22.
1888 2014 1916 2059 3
1947 2015 2081 2059 nulla-

377 2085 492 2128 meis
514 2084 697 2140 frustra
728 2087 982 2130 lustrantur
999 2087 1198 2142 compita
1216 2086 1404 2141 plantiS,
1428 2086 1562 2143 Verg.
1587 2086 1697 2130 Buc.
1726 2086 1790 2130 10.
1813 2085 1870 2129 55
1902 2085 2074 2149 interea

379 2156 537 2199 mixtis
583 2157 786 2201 lustrabo
832 2157 1049 2201 Maenala
1096 2157 1321 2212 Nymphis
1351 2161 1370 2210 s
1400 2160 1482 2200 aut
1527 2157 1648 2201 acris
1683 2156 1883 2200 venabor
1911 2167 2050 2211 apros
2059 2169 2075 2208 ,-

377 2227 659 2282 intransitive,
703 2238 747 2271 ut
789 2238 941 2272 nostro
983 2229 1094 2283 loco,
1133 2228 1361 2272 adhibetur
1393 2229 1507 2285 apud
1542 2227 1750 2271 Priscian.
1784 2227 1954 2283 Perieg.
1985 2226 2074 2270 892

377 2300 507 2340 trans
538 2298 689 2351 istam,
708 2299 903 2354 Zephyri
931 2299 1015 2342 sub
1039 2303 1209 2354 partes,
1232 2299 1357 2354 degit
1378 2298 1619 2343 Erembum
1640 2302 1659 2352 s
1678 2297 1910 2353 speluncis
1926 2308 2074 2353 genus

380 2367 545 2424 infelix
589 2373 634 2412 et
678 2370 812 2413 rebus
858 2381 1050 2424 egenum
1080 2377 1098 2423 s
1131 2370 1210 2425 qui
1253 2371 1368 2414 solis
1413 2369 1561 2413 radiis
1607 2369 1870 2425 nigrescunt
1910 2378 2074 2423 corpus

378 2439 537 2483 adusti
566 2443 585 2493 s
616 2440 903 2495 dispersique
943 2441 1098 2484 dolent
1136 2441 1472 2484 lustrantes
1513 2451 1635 2484 more
1667 2439 1905 2495 ferarum,·
1935 2438 2070 2482 Lucil.
2155 2493 2157 2496 ι
2195 2415 2210 2460 '²-

377 2509 569 2567 (Fragm.
604 2511 727 2556 Poet.
762 2511 890 2554 Rom.
923 2512 991 2555 ed.
1028 2511 1256 2555 Baehrens
1287 2510 1392 2568 721)
1433 2522 1565 2566 quem
1604 2513 1836 2565 sumptum
1858 2508 1989 2565 facis
2025 2509 2073 2552 in

378 2580 549 2632 lustris,
582 2581 747 2624 circum
778 2581 949 2636 oppida
980 2582 1198 2630 lustrans,

437 2710 535 2753 223.
599 2710 802 2764 primae
830 2711 962 2754 lucis
984 2711 1140 2765 opus:
1162 2713 1247 2755 iam
1275 2711 1462 2756 Homeri
1485 2720 1621 2755 aetate
1644 2720 1877 2755 venatores
1897 2721 2072 2753 summo

380 2794 508 2825 mane
557 2791 761 2825 venatum
809 2791 925 2835 eunt,
973 2782 1026 2825 cf.
1069 2781 1237 2838 Odyss.
1273 2782 1373 2826 XIX
1406 2782 1493 2825 428
1524 2777 1622 2835 ἦμος
1644 2780 1689 2822 ’δ’
1721 2779 1928 2835 ἠριγένεια
1959 2781 2073 2834 φάνη

378 2851 679 2906 ῥοδοδάκτυλος
711 2853 825 2899 Ἠώς
841 2856 861 2906 s
880 2854 963 2908 βάν
996 2853 1030 2907 ῥ’
1061 2852 1148 2905 ἴμεν
1182 2855 1221 2900 ἐς
1253 2854 1405 2907 θήρην,
1436 2854 1536 2905 ἠμὲν
1571 2852 1687 2899 κύνες
1717 2851 1787 2904 ἠδὲ
1815 2852 1884 2892 καὶ
1922 2851 2072 2901 αὐτοῖς

383 2922 472 2968 Ον.
523 2923 628 2968 Met.
679 2923 778 2977 VII,
824 2922 924 2977 804,
972 2935 1102 2979 quem
1139 2923 1294 2967 ‚locum
1342 2924 1395 2967 ad
1428 2935 1607 2967 versum
1638 2922 1726 2966 218
1756 2934 1889 2978 supra
1920 2922 2070 2975 citavi;

382 2994 634 3038 Nemesian.
669 3007 733 3038 vs.
766 2994 865 3038 324.
899 2993 985 3037 325
1016 3006 1246 3046 venemur,
1277 2995 1387 3038 dum
1419 3005 1553 3038 mane
1572 2988 1764 3045 novum,
1786 2993 1895 3036 dum
1917 2992 2073 3036 mollia

377 3068 513 3119 prata
543 3070 562 3117 s
593 3065 827 3109 nocturnis
857 3065 1033 3108 calcata
1055 3063 1179 3120 feris
1209 3065 1406 3120 vestigia
1436 3067 1632 3108 servant.

438 3136 595 3192 signa
630 3147 831 3190 vapore
861 3135 1054 3180 ferino:
1087 3147 1228 3192 vapor
1258 3136 1425 3179 ferinus
1455 3137 1481 3178 i.
1515 3147 1553 3179 e.
1587 3135 1712 3188 odor,
1743 3146 1873 3190 quem
1905 3133 1997 3176 fera
2028 3134 2071 3175 in
