2210 3568
1123 277 1130 292 Ι
1181 251 1261 296 148

357 383 600 428 cedendum
647 394 791 428 tamen
822 392 887 427 est
925 382 1031 427 tales
1063 394 1232 436 versuS,
1265 381 1402 438 qualis
1434 382 1502 425 hic
1533 390 1611 435 est,
1643 382 1891 426 rarissimos
1921 393 2039 427 esse.

419 453 548 498 Dabo
579 454 741 511 aliquot
771 453 1003 514 exempla:

361 614 552 669 Ennius,
586 614 744 658 Annal.
778 613 880 657 271.
912 613 940 656 5

419 686 602 729 miscent
632 686 744 728 inter
774 696 872 728 sese
902 685 1167 727 inimicitiam
1198 685 1216 740 l
1247 685 1457 741 agitantes

365 843 529 888 Catull.
561 843 630 887 66.
666 843 724 887 48

423 926 615 983 Iuppiter
646 936 692 970 ut
725 925 978 983 Chalybum
1009 930 1029 980 s
1059 937 1191 970 omne
1220 938 1359 982 genus
1390 934 1540 982 pereat

362 998 435 1041 ubi
468 996 655 1041 Schulze
685 1006 727 1041 et
760 996 983 1041 Friedrich
1015 1009 1097 1053 pro
1123 996 1352 1051 celerum(
1339 994 1421 1054 (O)
1444 995 1693 1050 Chalybum
1713 996 1861 1048 edunt,
1885 995 2056 1040 Ellisius

363 1078 508 1112 tamen
557 1067 815 1123 Chalybum
855 1068 1077 1112 fatendum
1114 1076 1257 1111 tamen
1293 1066 1542 1124 Chalybum
1573 1075 1665 1110 arte
1696 1066 2056 1124 palaeographica

363 1141 502 1196 magis
533 1139 846 1183 commendari.

367 1297 538 1343 Catuli.
567 1297 641 1342 67.
673 1297 730 1340 44

424 1390 571 1437 speret
602 1392 684 1424 nec
715 1380 908 1436 linguam
940 1384 959 1433 s
989 1392 1087 1424 esse
1118 1392 1199 1424 nec
1229 1380 1482 1434 auriculam,

364 1453 439 1496 ubi
490 1451 663 1496 Ellisius
710 1463 809 1495 cum
861 1450 1104 1507 Calpurnio
1149 1453 1356 1506 speraret
1399 1450 1631 1494 scribendo
1677 1450 1840 1493 hiatum
1886 1448 2060 1493 sustulit

368 1550 430 1607 (Ο
465 1555 648 1608 sperent
656 1565 671 1604 ;
706 1552 832 1606 „olim
864 1552 1072 1608 scriptum
1104 1561 1197 1596 erat
1227 1521 1436 1606 speragff
1471 1548 1730 1608 Baehrens).

374 1708 527 1752 Tibull.
563 1708 595 1752 1.
627 1709 668 1752 5.
701 1709 760 1753 33

426 1801 482 1845 et,
514 1801 678 1836 tantum
711 1803 918 1837 venerata
949 1793 1107 1849 virum,
1139 1798 1158 1846 s
1189 1794 1304 1837 hunc
1335 1793 1485 1838 sedula
1516 1801 1652 1847 curet,

368 1863 441 1906 ubi
487 1862 735 1919 Postgatius
781 1873 948 1908 textum
994 1873 1249 1920 corruptum
1285 1864 1401 1908 ducit
1436 1863 1631 1919 (,‚virum
1661 1862 1780 1906 hanc
1810 1862 2006 1906 contains
2036 1873 2062 1905 a

368 1933 466 1977 fatal
498 1933 690 1977 metrical
720 1933 863 1989 flaw”‚
896 1933 1138 1979 Selections
1168 1933 1282 1978 from
1315 1933 1511 1978 Tibullus
1543 1947 1585 1990 p.
1617 1933 1743 1991 211);
1775 1933 1891 1977 nulla
1911 1931 2056 1977 tamen

369 2005 617 2048 coniectura
650 2004 801 2060 placet.

372 2164 572 2218 propert.
607 2163 660 2207 11.
700 2165 763 2208 15.
806 2166 838 2208 1.

428 2258 456 2290 o
488 2259 559 2291 me
589 2247 779 2292 felicEm!
810 2254 829 2301 s
861 2260 888 2292 ο
920 2260 1010 2292 nox
1042 2248 1147 2292 mihi
1178 2248 1383 2292 candida!
1416 2257 1458 2292 et
1489 2259 1517 2292 ο
1549 2257 1594 2291 tu

370 2318 443 2361 ubi
477 2317 723 2375 Postgatius
754 2319 876 2376 legit:
910 2331 1001 2363 nox
1032 2331 1060 2363 ο
1092 2318 1211 2363 mihi.

373 2477 429 2521 id.
465 2477 516 2521 11.
550 2477 621 2522 32.
654 2478 711 2522 45

431 2560 538 2603 haec
569 2561 723 2604 eadem
755 2570 854 2605 ante
883 2561 998 2604 illam
1029 2564 1049 2615 s
1078 2562 1257 2617 impune
1288 2570 1329 2605 et
1363 2560 1520 2605 Lesbia
1553 2559 1652 2604 fecit

371 2631 444 2674 ubi
480 2629 647 2675 Hosius
678 2631 842 2675 hiatum
875 2631 979 2675 tollit
1009 2643 1109 2675 curn
1143 2630 1256 2675 Italis
1287 2640 1387 2687 post
1417 2631 1545 2675 illam
1573 2630 1808 2674 inserendo
1840 2629 1948 2674 iam.

376 2778 535 2823 Manil,
570 2778 602 2822 1.
635 2778 722 2822 795

373 2861 580 2904 emeritus
610 2860 777 2904 caelum
808 2865 827 2913 l
858 2870 899 2904 et
934 2859 1093 2905 Claudi
1124 2873 1281 2917 magna
1313 2872 1511 2918 propago

373 2932 447 2975 ubi
492 2945 533 2975 v.
582 2931 632 2975 cl.
682 2943 766 2975 van
814 2931 1115 2988 Wageningen
1147 2932 1190 2974 in
1222 2944 1302 2975 sua
1334 2932 1522 2976 editione
1552 2943 1651 2975 cum
1687 2929 2060 2987 Kleinguenthero

374 3002 536 3046 hiatum
568 3003 737 3046 sustulit
767 3002 1002 3046 inserendo
1032 3005 1106 3046 tu:

372 3074 579 3117 emeritus
610 3073 778 3117 caelum
809 3082 851 3117 et
882 3081 975 3122 <tu>
1009 3071 1168 3116 Claudi
1200 3085 1357 3129 magna
1388 3084 1602 3130 propago.

433 3142 699 3188 Sententiam
753 3154 895 3188 tamen
951 3144 1006 3188 de
1058 3143 1143 3188 hoc
1199 3155 1333 3188 versu
1378 3152 1556 3200 rogatus
1601 3142 1716 3187 idem
1765 3143 1832 3187 vir
1877 3141 1931 3186 cl.
1977 3152 2062 3185 van
