2210 3568
1188 253 1268 296 134

368 383 556 438 compita
588 382 699 425 dicta
731 390 846 435 sunt,
879 381 933 425 cf.
971 382 1187 436 Persium,
1221 381 1310 426 Sat.
1344 382 1385 426 4.
1416 382 1475 426 28
1508 383 1602 438 qui,
1624 384 1896 440 quandoque
1912 384 2066 442 iugum

364 455 554 508 pertusa
586 452 648 495 ad
678 452 879 507 compita
900 451 1023 509 figit,
1056 453 1111 497 ad
1143 465 1274 510 quem
1306 453 1450 497 locum
1471 454 1704 498 scholiasta
1726 455 1901 500 adnotat
1927 468 2067 510 „com-

367 525 454 580 pita
489 533 589 567 sunt
620 523 715 567 loca
746 523 788 566 in
823 523 1062 579 quadriviis
1092 525 1216 580 quasi
1246 533 1406 579 turres,
1437 525 1510 569 ubi
1547 524 1781 578 „sacrificia
1812 524 1928 570 finita
1957 527 2067 584 agri-

366 593 534 638 cultura
566 594 712 638 rustici
745 594 1067 648 celebrabant,”
1090 594 1143 638 cf.
1166 596 1358 653 inscript.
1377 595 1494 651 apud
1514 593 1645 639 Grut.
1671 595 1763 640 107.
1788 596 1802 640 1
1824 596 2068 652 compitum

367 662 638 720 refecerunt,
685 667 865 717 tectum,
892 665 1097 720 parietes
1143 665 1420 720 allevarunt3
1469 665 1721 710 Mommsen
1771 665 1803 710 1.
1853 666 1911 712 N.
1957 666 2067 712 1504

370 734 614 789 compitum
645 747 676 778 a
706 735 806 779 solo
834 735 1033 791 pecunia
1062 747 1152 779 sua
1174 734 1401 792 fecerunt.

427 876 527 920 484.
561 888 774 939 sacrum
806 877 876 920 ad
906 877 1178 921 nemorale
1209 876 1437 923 Dianae:
1468 878 1577 922 haec
1607 890 1732 923 sacra
1753 887 2070 925 commemorat

369 946 544 1002 Statius,
593 946 699 992 Silv.
751 947 832 991 111:
881 949 913 991 l.
962 948 1020 992 55
1061 961 1126 1004 sq.
1176 948 1358 1003 iamque
1389 948 1490 992 dies
1521 949 1696 1001 aderat,
1711 948 1939 1005 -profugis
1967 960 2069 994 cum

370 1018 551 1074 regibus
578 1021 736 1073 aptum
766 1022 785 1073 s
808 1017 970 1074 fumat
998 1019 1236 1063 Aricinum
1270 1019 1447 1064 Triviae
1474 1031 1636 1064 nemus
1666 1023 1711 1063 et
1732 1018 1847 1076 face
1877 1020 2021 1065 multa
2051 1023 2069 1075 l

370 1089 581 1134 conscius
626 1089 863 1144 Hippolyti
903 1089 1114 1145 splendet
1154 1090 1303 1145 lacus;
1346 1090 1450 1145 ipsa
1491 1093 1677 1134 coronat
1707 1095 1725 1146 s
1757 1102 1840 1135 em
1857 1102 1883 1135 e
1899 1091 1985 1136 rit
2001 1103 2070 1136 os

371 1160 564 1204 Diana
604 1171 782 1204 canes
814 1163 858 1204 et
886 1160 1068 1215 spicula
1099 1163 1240 1215 terget
1271 1164 1290 1214 s
1321 1164 1366 1204 et
1385 1164 1512 1204 tutas
1532 1161 1647 1204 sinit
1669 1161 1735 1205 ire
1747 1160 1885 1217 feras
1904 1162 2072 1206 omnis-

370 1243 456 1286 que
499 1230 682 1286 pudicis
712 1235 731 1284 s
762 1230 883 1275 Itala
929 1234 1050 1275 terra
1088 1230 1216 1287 focis
1258 1231 1540 1294 Hecateidas
1571 1232 1736 1277 excolit
1766 1232 1890 1276 Idus.
1922 1232 2071 1290 Prope

371 1302 563 1346 Ariciam
603 1303 719 1346 enim
760 1311 852 1346 erat
890 1302 1012 1347 locus
1052 1316 1191 1358 sacer,
1224 1303 1278 1347 cf.
1325 1301 1380 1347 C.
1428 1303 1459 1347 1.
1495 1303 1545 1347 L.
1579 1303 1698 1348 XIV.
1731 1317 1774 1360 p.
1806 1302 1907 1359 204,
1939 1316 2071 1361 quem

372 1372 557 1417 Servius
589 1373 643 1416 ad
675 1372 786 1417 Aen.
822 1372 920 1418 V11.
954 1373 1044 1418 516
1072 1375 1307 1429 speculum
1339 1374 1521 1418 Dianae
1552 1383 1758 1418 vocatum
1789 1386 1888 1419 esse
1911 1383 2071 1419 narrat.

374 1442 609 1500 Templum
641 1445 698 1487 ibi
730 1453 1002 1488 exstructum
1034 1446 1089 1489 ab
1125 1444 1305 1499 Ovidio,
1324 1444 1436 1489 Fast.
1461 1444 1534 1489 111.
1558 1444 1661 1500 261,
1683 1454 2070 1490 nemusvocatur:

372 1514 586 1569 nympha,
630 1526 775 1569 mone,
815 1516 1005 1562 Nemori
1044 1519 1300 1572 stagnoque
1330 1519 1520 1572 operata
1552 1516 1746 1570 Dianae,
1779 1516 1833 1561 cf.
1866 1515 2070 1561 Strabon.

375 1585 429 1629 V.
486 1585 536 1629 12
583 1585 705 1643 (239)
752 1589 798 1627 τὸ
831 1587 867 1628 δ’
899 1587 1150 1642 Ἀρτεμίσιον
1182 1589 1203 1628 ὃ
1235 1586 1405 1629 καλοῦσι
1436 1588 1488 1630 νέ
1499 1604 1595 1641 μσς
1627 1589 1668 1628 ἐκ
1701 1595 1775 1629 τοῦ
1806 1589 1848 1631 ἓν
1879 1588 2072 1645 ἀριστερᾷ

371 1656 515 1710 μέρους
547 1664 618 1710 τῆς
649 1656 748 1698 ὁδοῦ
779 1666 863 1705 τοῖς
895 1658 937 1707 ἐξ
967 1658 1147 1713 Ἀρικίας
1178 1659 1490 1715 ἀναβαίνουσιν,
1525 1659 1636 1702 plin.
1657 1658 1713 1702 Ν.
1737 1658 1796 1703 Η.
1815 1653 2072 1713 ΧΧΧν,”52

374 1727 423 1770 in
468 1738 699 1771 nemore
748 1729 929 1772 Dianae
969 1730 1141 1784 posuit,
1185 1728 1261 1773 Sil.
1304 1729 1395 1773 Ital.
1439 1729 1559 1773 VIII.
1597 1729 1684 1772 364
1716 1729 1882 1785 quique
1913 1729 2072 1773 inmite

370 1810 495 1855 nem
508 1810 572 1841 us
609 1798 798 1842 Triviae.
832 1798 1095 1844 Sacerdotes
1126 1809 1250 1844 erant
1280 1801 1401 1844 servi
1427 1799 1616 1856 profugi,
1639 1801 1711 1856 qui
1733 1811 1862 1855 reges
1883 1799 2070 1856 appella-

372 1869 542 1923 bantur,
575 1878 619 1913 ut
651 1879 692 1913 et
724 1882 781 1914 ex
813 1869 934 1914 Statii
966 1883 1099 1915 versu
1128 1870 1202 1914 111.
1236 1872 1270 1914 1.
1292 1871 1349 1914 55
1367 1883 1500 1927 supra
1517 1872 1740 1927 exscripto
1757 1879 1872 1914 etex
1890 1868 2070 1914 Sueton.

375 1938 516 1996 Calig.
539 1939 596 1983 25
630 1940 967 1985 Nemorensi
997 1941 1126 1997 regi,
1150 1942 1277 1997 quod
1287 1941 1455 1985 multos
1477 1941 1570 1986 iam
1590 1952 1740 1985 annos
1751 1944 1987 1996 poteretur
1997 1952 2074 1984 sa-

371 2011 584 2065 cerdotio,
617 2011 888 2056 validiorem
908 2012 1225 2056 adversarium
1240 2012 1508 2056 subornavit
1524 2011 1601 2069 (sc.
1618 2010 1835 2069 Caligula)
1851 2011 2089 2062 discimus„

433 2080 609 2125 Festum
655 2083 957 2127 celebrabatur
1005 2083 1151 2127 Idibus
1195 2082 1394 2140 Augusti,
1426 2095 1557 2139 quam
1589 2084 1646 2127 ob
1679 2095 1772 2127 rem
1806 2080 1967 2127 Statius
1996 2094 2071 2127 eas

374 2151 654 2197 Hecateidas
701 2153 810 2197 Idus
856 2155 1063 2198 nominat.
1099 2154 1164 2198 Eo
1202 2154 1271 2198 die
1308 2154 1559 2198 sacerdotes
1595 2165 1695 2197 cum
1732 2152 1897 2197 facibus
1919 2153 2074 2197 arden-

372 2225 485 2267 tibus
546 2224 599 2267 ad
658 2224 803 2268 lucum
865 2234 906 2268 et
968 2225 1110 2269 lacum
1174 2224 1499 2269 Nemorensem
1561 2224 1691 2279 ibant,
1755 2224 1828 2268 ubi
1884 2223 2072 2267 Dianam

377 2294 671 2350 Hippolytum
746 2307 875 2339 suum
939 2295 1241 2339 recondidisse
1299 2304 1446 2339 narrat
1503 2294 1738 2351 Vergilius,
1793 2293 1904 2338 Aen.
1971 2293 2070 2338 VII.
2160 2295 2167 2302 ’“

375 2364 611 2408 774—782
642 2369 690 2409 at
728 2366 879 2410 Trivia
912 2367 1209 2422 Hippolytum
1235 2366 1424 2410 secretis
1457 2367 1581 2410 alma
1607 2365 1812 2410 recondit
1836 2371 1855 2418 s
1884 2364 2073 2408 sedibus

375 2439 420 2479 et
465 2436 692 2491 nymphae
739 2437 933 2492 Egeriae
986 2437 1250 2492 nemorique
1295 2438 1467 2492 relegat
1511 2440 1531 2491 l
1570 2437 1700 2480 solus
1747 2436 1823 2479 ubi
1860 2435 1909 2479 in
1937 2435 2072 2478 silvis

376 2506 510 2550 Italis
557 2507 771 2562 ignobilis
818 2519 981 2552 aevom
1020 2511 1040 2562 l
1081 2508 1280 2564 exigeret
1319 2520 1539 2563 versoque
1572 2507 1648 2551 ubi
1677 2507 1862 2551 nomine
1898 2505 2074 2550 Virbius

378 2580 518 2631 esset;
550 2581 571 2632 l
603 2578 723 2621 unde
753 2578 893 2622 etiam
923 2579 1091 2634 templo
1129 2579 1307 2623 Triviae
1337 2579 1542 2634 lucisque
1561 2578 1759 2622 sacratis
1774 2582 1793 2631 s
1809 2575 2074 2632 cornipedes

375 2651 580 2692 arcentur
617 2649 735 2704 equi,
769 2650 889 2704 quod
921 2650 1052 2693 litore
1093 2661 1272 2694 currum
1302 2655 1321 2704 s
1352 2653 1398 2693 et
1429 2649 1636 2693 iuvenem
1667 2648 1885 2693 monstris
1911 2646 2074 2703 pavidi

377 2718 581 2774 effudere
612 2720 817 2764 marinis.

435 2790 488 2834 cf.
538 2789 673 2835 Ovid.
718 2790 832 2836 Fast.
868 2791 942 2835 111.
975 2791 1064 2834 263
1094 2804 1189 2848 sqq.
1221 2791 1359 2835 vallis
1392 2791 1608 2835 Aricinae
1637 2789 1759 2834 silva
1786 2789 2074 2845 praecinctus

377 2871 523 2914 opaca
553 2865 572 2914 s
603 2865 674 2905 est
704 2863 847 2917 lacus,
879 2862 1072 2918 antiqua
1102 2862 1323 2918 religione
1351 2873 1494 2906 sacer.
1527 2865 1546 2916 s
1577 2861 1650 2905 hic
1665 2861 1778 2904 latet
1801 2859 2075 2915 Hippolytus

369 2929 520 2986 furiis
550 2932 756 2988 direptus
787 2945 1004 2988 equorum
1034 2937 1055 2987 s
1087 2933 1206 2976 unde
1237 2945 1399 2977 nemus
1419 2932 1560 2976 nullis
1590 2931 1703 2975 illud
1718 2931 1877 2986 aditur
1894 2929 2074 2985 equis]
2120 2953 2123 2956 >

378 3001 486 3046 licia
527 2996 797 3059 dependent,
835 3005 998 3060 longas
1028 3004 1232 3047 velantia
1262 3015 1442 3059 saepes,
1474 3008 1492 3057 s
1523 3006 1568 3047 et
1594 3003 1752 3058 posita
1783 3005 1852 3045 est
1884 3000 2075 3045 meritae

379 3074 522 3118 multa
543 3075 712 3119 tabella
733 3076 848 3119 deae
879 3080 898 3130 s
928 3086 1106 3130 saepe
1133 3078 1344 3129 potens
1374 3074 1506 3118 v'oti
1528 3072 1786 3130 frontem
1816 3071 2074 3115 redimita

379 3147 622 3191 coronis
652 3145 923 3204 [femina
954 3146 1218 3190 lucentes
1247 3149 1446 3201 portat
1477 3144 1545 3188 ab
1583 3143 1727 3211 Urbe
1750 3141 1939 3199 faces.
