2210 3568
107 225 157 263 μὴ»,

958 269 1040 314 123

75 389 259 462 ἶμΒΧ
299 397 370 444 his
411 397 521 443 locis
564 397 766 444 videmus
805 411 874 454 ea,
915 411 1029 457 quae
1070 397 1271 446 Grattius
1301 413 1465 458 narrat,
1497 415 1587 449 non
1618 415 1678 449 ex
1708 404 1843 450 nihilo

255 480 379 526 easta
410 481 491 515 eac
511 471 804 526 narrationeS,
830 472 1108 528 praesertim,
1131 484 1263 529 quam
1286 474 1403 530 apud
1421 473 1623 520 Solinum
1640 475 1842 534 legimus,

263 539 428 586 similes
472 549 574 586 sunt
615 541 668 586 iis
714 553 828 598 quae
863 540 1066 588 Grattius
1098 543 1240 598 docet,
1271 554 1318 589 ut
1349 545 1536 591 dubitari
1568 559 1657 592 non
1691 548 1842 605 possit,

86 603 105 633 s
110 591 233 674 φήῃ
248 619 382 670 poeta
399 609 630 656 Romanus
647 612 851 669 loquatur
868 613 924 658 de
941 612 1152 670 spelunca
1170 615 1360 671 quadam
1379 629 1520 674 prope
1537 617 1841 676 Agrigentum

54 683 91 710 ³
179 680 295 729 Non
341 692 488 728 tamen
535 684 580 728 in
627 692 829 728 nostrum
868 683 1015 729 locum
1048 686 1280 742 quadrant,
1318 699 1430 743 quae
1461 690 1578 746 apud
1610 689 1844 735 Aelianum

81 731 327 812 figimus,
358 753 513 799 histor.
546 755 678 799 anim.
711 754 786 800 XI.
819 754 849 799 3
880 756 922 799 ἒν
953 755 1098 811 Αἴτνη
1131 755 1168 798 δ’
1179 759 1261 812 ἄρα
1294 766 1346 813 τῇ
1377 757 1574 815 Σικελικῇ
1602 761 1842 814 Ἡφαίστου

63 826 78 874 ξ’
111 831 300 894 τιμᾶται
344 825 446 875 νεὼς
492 827 563 867 καὶ
609 823 694 867 ’ἐστι
741 824 946 883 περίβολα
988 829 1058 868 καὶ
1100 826 1251 883 δένδρα
1296 829 1382 883 ιερὰ
1425 832 1494 871 καὶ
1525 837 1612 886 πῦρ
1645 830 1842 889 ἄσβεστόν

92 903 168 947 τε
197 898 268 940 καὶ
298 895 537 953 ἀκοίμητον.

47 1026 67 1034 Γ
184 966 416 1015 Vitruvius
446 980 627 1027 quoque
658 969 714 1014 de
743 971 911 1027 stagnis
942 969 1248 1028 Agrigentinis
1277 971 1396 1028 loqui
1419 971 1606 1028 videtur,
1629 973 1709 1018 sed
1730 985 1842 1032 quae

122 1039 242 1099 'apud
272 1049 500 1086 auctorem
530 1052 660 1085 suum
693 1041 874 1096 invenit,
908 1054 998 1086 non
1030 1043 1143 1087 bene
1164 1042 1388 1103 intellexit3
1411 1055 1513 1087 nam
1537 1043 1658 1089 vm.
1684 1043 1714 1089 3
1735 1044 1843 1090 hacc

66 1131 79 1147 =
97 1106 102 1111 ’
122 1109 332 1170 legimus:
366 1111 477 1157 item
509 1110 875 1168 Carthagini
897 1111 1018 1170 fons
1049 1114 1191 1158 estin
1212 1126 1302 1170 quo
1323 1117 1457 1159 natat
1483 1115 1676 1171 insuper
1691 1116 1841 1161 oleum

37 1200 58 1229 ·,
121 1181 276 1239 odore,
315 1185 365 1228 ut
403 1183 559 1228 scobis
595 1183 781 1240 citreae,
797 1180 803 1184 '
819 1196 909 1240 quo
940 1185 1044 1229 oleo
1079 1186 1221 1230 etiam
1249 1198 1418 1242 pecora
1449 1187 1598 1231 solent
1631 1187 1769 1244 ungi;
1797 1189 1839 1233 in

119 1252 243 1300 fonte
287 1255 420 1312 igitur
465 1255 568 1313 legit
612 1256 656 1299 ἐν
702 1263 755 1311 τῇ
800 1257 1043 1314 ἐπικρατείᾳ
1089 1265 1173 1301 τῶν
1220 1258 1538 1314 Καρχηδονίων,
1585 1271 1699 1316 quae
1730 1258 1841 1305 falso

56 1351 74 1381 1
123 1324 398 1383 Carthagini
431 1328 575 1372 vertit.
609 1327 811 1373 Eundem
843 1340 1046 1373 errorem
1079 1331 1331 1374 invenimus
1354 1330 1471 1387 apud
1495 1329 1843 1375 Pseudo-Sotio-

52 1405 59 1418 ”
120 1408 240 1453 nem,
293 1397 440 1443 XXIX
509 1397 911 1458 (Παραδοξογράφοι
957 1400 1025 1444 ed.
1076 1399 1389 1445 Westermann
1444 1401 1569 1456 1839,
1644 1415 1686 1459 p.
1742 1401 1840 1460 188)

116 1467 405 1525 Ἀριστοτέλης
438 1470 589 1525 ἱστορεῖ
618 1472 756 1512 κατὰ
787 1471 1111 1527 Καρχηδόνα
1143 1472 1295 1527 κρήνην
1325 1470 1430 1516 εἶναι
1451 1471 1593 1514 ἐλαίου
1615 1487 1841 1527 προσηνεσ-

47 1539 59 1586 s
88 1554 93 1559 ‘
120 1540 269 1597 πέραν·
299 1543 355 1585 ἂν
387 1540 430 1584 δὲ
460 1541 516 1596 μή
549 1558 612 1591 τις
642 1543 769 1595 ἁγνὸς
799 1543 961 1599 προσίῃ,
994 1541 1195 1587 ἐκλείπειν
1227 1544 1375 1597 αὐτήν.

51 1607 54 1609 ’
183 1611 430 1671 Quaeritur
459 1625 593 1668 nunc,
625 1625 652 1659 e
683 1626 773 1671 quo
804 1616 1022 1671 scriptore
1056 1613 1260 1659 Grattius
1281 1627 1348 1670 ea,
1371 1627 1487 1672 quae
1506 1615 1563 1660 de
1579 1615 1700 1660 fonte
1717 1615 1842 1673 Agri-

45 1713 61 1732 -,
119 1685 300 1743 gentino
331 1695 495 1740 narrat,
527 1685 736 1730 hauserit.

64 1799 65 1802 ,
182 1755 476 1802 Narrationes
497 1769 609 1815 quas
630 1757 767 1802 modo
781 1759 1101 1814 exscripsimus
1119 1759 1231 1802 inter
1247 1770 1296 1803 se
1313 1768 1624 1816 comparantes
1636 1759 1840 1803 videmus

50 1820 57 1859 ···'
119 1838 194 1873 res
224 1839 250 1873 a
282 1826 446 1873 Solino
479 1830 723 1874 memoriae
755 1829 934 1873 traditas
966 1831 1160 1874 maxime
1192 1841 1443 1886 congruere
1474 1842 1576 1875 cum
1606 1832 1659 1875 iis
1691 1831 1838 1885 rebus,

50 1892 55 1895 ’
117 1911 230 1958 quas
274 1899 393 1956 apud
443 1898 668 1946 Grattium
716 1901 916 1958 legimus.
967 1900 1229 1958 Ignoramus
1271 1911 1416 1946 autem
1449 1914 1581 1958 quem
1613 1912 1838 1947 auctorem

46 1983 51 2018 j
119 1969 300 2018 Solinus
331 1971 418 2017 hoc
448 1971 549 2016 loco
579 1973 880 2029 exscripserit.
916 1972 1230 2017 Narrationem
1257 1970 1395 2017 Solini
1417 1972 1473 2017 de
1494 1972 1606 2017 colle
1624 1972 1839 2018 Volcanio

50 2037 390 2102 1:¹'praecedunt
446 2043 659 2088 nonnulla
703 2055 761 2088 ex
810 2043 938 2088 Plinii
987 2043 1186 2088 Naturali
1237 2043 1438 2088 Historia
1485 2043 1685 2102 (XXXV.
1741 2044 1840 2103 179)

55 2110 58 2112 ’
117 2123 308 2173 sumpta.
356 2114 583 2160 Permulta
630 2125 776 2159 autem
826 2115 994 2160 Plinius
1025 2115 1212 2160 fontium
1250 2116 1308 2161 ob
1341 2116 1585 2160 mirabilem
1617 2116 1837 2173 quandam

42 2178 50 2214 1
118 2187 211 2232 vim
257 2187 475 2231 memoria
522 2187 758 2244 dignorum
805 2188 1011 2244 exempla
1058 2187 1143 2242 dat,
1192 2199 1306 2244 quae
1337 2188 1434 2245 ipse
1464 2199 1514 2232 se
1545 2199 1604 2232 ex
1643 2187 1839 2232 Varrone

52 2256 64 2283 ²
117 2257 320 2303 hausisse
351 2256 602 2316 profitetur;
636 2258 690 2303 cf.
725 2257 884 2303 XXXI.
916 2258 959 2302 2.
999 2259 1071 2302 15:

47 2339 55 2391 ῖ
82 2372 85 2378 ,
179 2329 230 2375 ἰη
262 2327 429 2375 Cilicia
459 2329 587 2386 apud
608 2329 829 2385 oppidum
854 2328 1045 2374 Cescum
1073 2329 1201 2374 rivus
1214 2329 1327 2386 fluit
1355 2330 1472 2385 Nus,
1499 2341 1558 2374 ex
1580 2341 1670 2385 quo
1691 2329 1840 2374 biben-

117 2400 236 2446 tium
265 2399 532 2446 subtiliores
559 2412 730 2445 sensus
753 2400 865 2458 fieri
896 2401 957 2445 M.
998 2401 1174 2446 Varro
1209 2401 1352 2445 tradit
1358 2414 1374 2454 ,·
1404 2405 1453 2445 at
1487 2402 1534 2446 in
1568 2401 1662 2446 Cea
1685 2402 1838 2446 insula

41 2473 55 2511 'f
107 2469 295 2530 fontem
325 2484 430 2517 esse
461 2484 552 2529 quo
574 2472 758 2517 hebetes
771 2472 910 2530 flant,
930 2473 1103 2517 Zamae
1121 2473 1170 2517 in
1187 2473 1346 2529 Africa
1363 2485 1453 2528 quo
1466 2485 1665 2517 canorae
1680 2485 1833 2525 voces·

43 2543 49 2596 j
118 2543 371 2589 ibidem‘27
388 2558 398 2588 ε
453 2543 632 2589 Varro
662 2544 726 2588 ad
756 2543 979 2589 Soracten
1011 2544 1059 2588 in
1087 2543 1240 2601 fonte,
1264 2545 1396 2589 cuius
1411 2545 1475 2589 sit
1491 2545 1690 2589 latitudo
1707 2548 1838 2601 quat-

43 2606 53 2613 ’
117 2617 226 2660 tuor
247 2614 442 2672 pedum,·
470 2615 570 2660 sole
591 2616 826 2660 exoriente
846 2627 950 2660 eum
974 2616 1209 2660 exundare
1231 2616 1439 2673 ferventi
1468 2617 1695 2669 similem‚·
1726 2628 1838 2660 aves

46 2730 55 2749 ³
117 2696 238 2743 quae
274 2686 623 2743 degustaverint
655 2687 786 2731 iuxta
819 2691 1026 2732 mortuas
1058 2688 1230 2739 iacere:
1265 2689 1425 2732 ibidem
1458 2688 1487 2732 9
1520 2688 1639 2732 idem
1671 2688 1735 2744 (ut
1757 2688 1837 2732 cal-

53 2819 55 2822 .
80 2772 86 2788 ⁸
118 2757 282 2804 culosis
311 2770 424 2816 aqua
457 2759 703 2815 medeatur)
735 2759 957 2815 contingit
989 2759 1038 2803 in
1076 2759 1230 2804 Velino
1262 2759 1366 2803 lacu
1393 2759 1663 2815 potantibus
1674 2771 1692 2811 ,·
1727 2758 1835 2802 item

41 2858 58 2867 -
120 2828 170 2875 in
199 2828 364 2886 Syriae
385 2827 527 2888 fonte
559 2830 690 2874 iuxta
727 2830 924 2874 Taurum
955 2834 1168 2886 montem,
1200 2834 1363 2875 auctor
1390 2834 1461 2874 est
1494 2830 1554 2874 M.
1595 2829 1777 2876 Varro.

42 2892 58 2953 J
179 2899 270 2947 Sed
324 2910 368 2946 et
415 2900 630 2946 Solinum
677 2914 817 2959 aquae
864 2902 1073 2946 miracula
1120 2915 1144 2946 a
1190 2902 1394 2946 Varrone
1443 2911 1685 2946 mutuatum
1735 2913 1834 2954 esse

118 2972 323 3018 videmus
349 2986 392 3030 p.
436 2973 494 3020 57
531 2973 591 3032 [7.
632 2973 724 3031 12]:
765 2972 941 3018 Varro
966 2973 1176 3029 perhibet
1198 2972 1384 3031 fontem
1417 2973 1466 3017 in
1498 2972 1699 3017 Arcadia
1730 2984 1834 3017 esse

43 3069 52 3106 ·.
98 3039 252 3089 'euius
283 3043 519 3089 interimat
549 3045 758 3090 haustus

182 3113 302 3161 Cum
349 3126 495 3161 autem
539 3129 697 3174 parum
731 3114 968 3161 verisimile
999 3117 1053 3161 sit
1085 3115 1286 3161 Solinum
1318 3129 1375 3160 ex
1412 3114 1588 3160 Grattio
1620 3115 1832 3171 hausisse,

118 3197 209 3230 non
241 3187 452 3233 audacius
482 3197 549 3232 est
581 3189 788 3233 conicere
819 3197 862 3232 et
892 3200 944 3232 ea
977 3200 1090 3244 quae
1122 3186 1301 3232 Solinus
1334 3187 1388 3230 de
1420 3185 1530 3231 colle
1554 3185 1770 3231 Volcanio
1791 3196 1834 3231 et
