2210 3568
1179 226 1236 273 42

421 355 491 399 97.
525 354 580 398 in
627 366 813 399 caecas
860 353 1029 399 aciem
1076 366 1211 410 quae
1258 367 1457 412 magna
1502 359 1754 402 tenebras
1783 364 1803 411 Ι
1833 359 1964 415 egit:
2000 342 2069 406 cf..

364 426 537 471 Lucret.
566 426 620 470 V.
654 425 706 469 10
732 425 898 480 quique
920 436 1004 480 per
1027 429 1172 470 artem
1186 426 1434 483 sfluctibus
1459 439 1485 471 e
1505 429 1651 473 tantis
1665 430 1808 474 vitam
1824 431 2058 488 tantisque

361 496 561 541 tenebris
611 500 630 550 s
682 496 730 540 in
780 499 876 540 tam
926 497 1172 552 tranquillo
1222 500 1268 541 et
1317 501 1412 542 tam
1463 499 1587 543 clara
1636 501 1735 544 luce
1774 501 1955 554 locavit,
2001 502 2056 547 cf.

362 567 553 611 eundem
587 565 661 610 111.
702 567 735 610 1.

422 684 492 727 98.
526 684 772 739 ignarum
814 684 1042 740 perfudit
1082 686 1282 730 lumine
1323 687 1535 743 volgus:
1572 687 1626 732 cf,
1670 688 1842 734 Lucret.
1885 688 1939 734 11.
1978 654 2058 742 147

365 766 503 810 quam
533 755 687 799 subito
716 755 865 799 soleat
893 756 966 800 sol
991 760 1119 800 ortus
1148 760 1350 812 tempore
1380 759 1466 802 tali
1495 762 1515 813 s
1545 760 1797 803 convestire
1827 771 1916 805 sua
1942 771 2061 816 per-

354 824 623 881 fundens
654 826 811 870 omnia
840 827 995 880 luce‚·
1027 827 1160 884 Verg.
1197 827 1365 886 Georg.
1401 829 1431 873 Ι.
1461 830 1531 873 41.
1554 829 1636 873 42:
1662 830 1936 887 ignarosque
1955 831 2060 882 viae

368 907 542 940 mecum
573 897 819 941 miseratus
849 897 1050 953 agrestis
1078 899 1098 955 l
1131 898 1379 954 ingredere.

422 1026 493 1071 99.
529 1025 722 1072 Pierio.
741 1061 751 1071 .
771 1060 781 1072 .
821 1026 1091 1071 ministro:
1122 1028 1320 1083 dativus;
1353 1028 1547 1073 pierium
1580 1031 1825 1074 ministrum
1863 1040 1992 1088 poeta
2011 1044 2061 1077 se

363 1099 506 1154 ipsum
538 1099 737 1155 appellat.
769 1097 823 1143 cl.
857 1096 1056 1155 Theogn.
1089 1098 1178 1142 769
1207 1112 1271 1156 sq.
1305 1102 1379 1155 χρὴ
1413 1100 1680 1142 Μουσέων
1728 1104 2060 1155 θεράποντα

365 1171 435 1210 καὶ
467 1168 643 1222 ἄγγελον
675 1168 713 1210 εἴ
739 1185 781 1210 τι
810 1171 1004 1223 περισσὸν
1027 1173 1048 1224 l
1074 1168 1198 1224 εἰδείη
1228 1171 1369 1225 σοφίης
1398 1173 1454 1224 μὴ
1486 1174 1694 1226 φθονερὸν
1726 1170 1932 1214 τελέθειν.

424 1239 507 1283 fas
544 1242 651 1284 est:
692 1240 790 1284 licet
830 1252 958 1284 sacro
1001 1242 1089 1285 vati
1121 1240 1229 1285 haec
1259 1242 1424 1296 audire,
1453 1241 1506 1286 cf.
1543 1241 1633 1287 Ov.
1669 1242 1782 1287 Fast.
1816 1242 1892 1287 Vl.
1925 1243 1953 1287 7
1974 1241 2063 1299 sas

366 1311 481 1355 mihi
506 1311 752 1367 praecipue
782 1311 936 1355 vultus
971 1310 1125 1355 videre
1156 1312 1356 1366 deorum,
1389 1315 1408 1366 s
1437 1313 1509 1356 vel
1545 1313 1654 1368 quia
1684 1324 1787 1357 sum
1817 1316 1961 1367 vates,
1991 1314 2063 1358 vel

367 1381 477 1437 quia
521 1393 657 1426 sacra
701 1393 817 1427 cano
829 1394 845 1436 ;
893 1380 1086 1438 Oppian.
1133 1381 1308 1440 Cyneg.
1343 1382 1374 1426 1.
1415 1382 1465 1427 18
1512 1382 1673 1436 ἔκλυον,
1704 1386 1729 1438 ἢ
1760 1384 1910 1438 θέμις
1939 1386 2063 1437 ἐστὶ,

367 1453 507 1507 θεείης
539 1451 688 1494 ἔκλυον
720 1455 832 1508 ἠχῆς.
2003 1503 2007 1507 ,

430 1525 547 1578 „Fas
592 1527 664 1568 est
707 1525 761 1568 ist
802 1525 1014 1569 natiirlich
1056 1525 1172 1569 nicht
1212 1527 1282 1570 ein
1324 1527 1680 1584 ermuthigendes
1711 1527 1957 1585 Argument
1985 1527 2064 1572 des

369 1593 574 1638 Dichters
615 1607 669 1638 an
715 1595 786 1639 die
821 1594 989 1650 (Ξὸῑῐίη,
1022 1596 1160 1640 durch
1193 1596 1270 1640 das
1301 1609 1350 1641 er
1379 1598 1443 1641 sie
1473 1610 1574 1641 zum
1606 1597 1913 1654 Ausplaudern
1943 1599 2064 1643 eines

370 1663 706 1710 Geheimnisses
752 1667 963 1723 bewegen
1011 1667 1110 1722 will,
1153 1669 1349 1711 sondern
1395 1669 1464 1712 die
1511 1668 1841 1726 Versicherung
1884 1682 1941 1713 an
1985 1669 2065 1714 das

368 1735 621 1791 Publikum,
667 1737 769 1780 dass
815 1750 864 1781 er
910 1750 965 1782 zu
1011 1739 1162 1782 seinen
1211 1738 1533 1795 Enthiillungen
1581 1739 1932 1797 bevollrnachtigt
1971 1740 2064 1784 sei’'

367 1806 447 1865 (H.
482 1805 692 1862 Schenkl,
726 1807 796 1851 Zu
831 1806 1030 1852 Grattius
1061 1822 1103 1865 p.
1136 1807 1252 1866 426).

435 1913 527 1957 100.
561 1927 655 1970 sqq.
692 1914 979 1958 Arcadium
1012 1917 1124 1959 stat
1154 1914 1301 1958 fama
1332 1926 1515 1960 senem
1547 1940 1605 1948 —
1637 1915 1917 1970 Dercylon:
1966 1928 2066 1960 ver-

368 1997 445 2028 sus
482 1984 567 2028 100·
594 1994 635 2028 et
666 1995 900 2041 sequentes
921 1987 1220 2043 interpretanti
1242 1986 1514 2030 difficultates
1546 1987 1756 2043 praebent
1777 1999 1867 2031 non
1889 1999 2072 2044 parvas.-

372 2054 615 2110 Quaeritur
661 2057 778 2100 enirn
820 2058 1025 2113 primum,
1057 2057 1174 2101 unde
1205 2058 1480 2101 aecusativus
1513 2057 1814 2101 Arcadium...
1849 2068 2061 2101 senem...

370 2126 590 2181 Dercylon
622 2127 832 2182 pendeat;
850 2139 922 2172 ,ex
955 2129 1086 2171 variis
1119 2128 1246 2172 huius
1268 2130 1331 2172 rei
1353 2129 1714 2184 explicationibus
1735 2128 1892 2185 eligam
1915 2128 2065 2172 hasce:

435 2197 490 2240 1⁰.
525 2197 616 2241 Pro
646 2201 742 2241 stat
776 2196 1038 2242 Gronovius
1069 2200 1345 2255 proponebat
1375 2199 1469 2254 dat,
1502 2199 1786 2255 probantibus
1808 2198 2066 2243 Burmanno

370 2276 411 2311 et
475 2266 662 2321 Sternio,
721 2281 910 2324 quorum
963 2269 1033 2314 ille
1093 2270 1187 2314 Val.
1248 2270 1386 2314 Flacc.
1442 2270 1495 2314 V.
1558 2269 1646 2313 506
1696 2270 2067 2325 qualemcumque

371 2338 512 2381 dabat
542 2341 587 2381 te
608 2337 761 2394 fama,
792 2339 1002 2383 videmus
1032 2342 1148 2394 citat;
1188 2350 1317 2385 notus
1348 2350 1413 2385 est
1434 2353 1541 2385 usus
1563 2341 1686 2384 verbi
1707 2339 1853 2384 dandi
1874 2340 1953 2395 (=
1973 2352 2069 2383 nar-

372 2407 502 2466 rare),
551 2408 603 2453 cf.
653 2409 748 2453 Val.
799 2409 937 2455 Flacc.
987 2410 1041 2455 V.
1090 2411 1179 2456 218
1232 2412 1483 2456 Thessalici
1511 2412 1573 2455 da
1604 2411 1722 2455 bella
1752 2410 1897 2466 ducis,
1931 2410 2064 2467 Verg.

372 2480 508 2536 eclog.
544 2479 574 2523 Ι.
626 2479 677 2523 19
707 2481 791 2524 sed
821 2484 976 2526 tamen
1009 2482 1096 2525 iste
1126 2482 1242 2526 deus
1273 2483 1353 2538 qui
1381 2483 1458 2537 sit,
1489 2483 1564 2538 da,
1603 2482 1760 2537 Tityre,
1793 2481 1939 2535 nobiS‚
1974 2479 2064 2526 Ov.

374 2550 467 2594 fast.
520 2550 595 2594 Vl.
644 2550 731 2595 434
778 2551 961 2596 Aeneas
1007 2553 1233 2608 eripuisse
1278 2553 1427 2608 datur,
1476 2552 1580 2597 Stat.
1635 2551 1774 2596 Theb.
1823 2551 1922 2596 V11.
1963 2551 2065 2606 315,

377 2620 533 2665 Claud.
582 2621 637 2665 de
678 2631 804 2678 raptu
853 2622 977 2666 Pros.
1027 2623 1100 2667 111.
1148 2623 1249 2679 336,
1297 2626 1370 2681 qui
1401 2633 1546 2668 tamen
1578 2623 1661 2667 loci
1693 2624 1820 2667 nobis
1844 2620 2066 2667 Gronovii

373 2693 671 2736 coniecturam
703 2704 792 2736 non
825 2694 1023 2749 probant.

432 2762 496 2806 20.
561 2762 650 2807 Pro
698 2767 943 2807 metantem
992 2764 1289 2809 Baehrensius
1335 2767 1379 2809 in
1426 2766 1615 2810 editione
1659 2763 1818 2808 Grattii
1849 2766 2068 2807 metatum

373 2835 572 2888 coniecit,
620 2843 665 2878 ut
711 2834 891 2878 haberet
936 2838 1032 2878 stat
1069 2834 1221 2891 fama,
1254 2848 1445 2893 quocum
1477 2837 1828 2892 coniungeretur,
1861 2834 1939 2879 sed
1970 2835 2067 2890 quis

376 2916 465 2948 non
511 2904 629 2949 videt
673 2908 918 2949 metantem
954 2907 1102 2962 utique
1134 2919 1234 2950 cum
1265 2907 1451 2951 vidistis
1481 2918 1579 2951 esse
1610 2905 1979 2963 coniungendam,
2011 2916 2068 2948 ne

374 2974 562 3019 vidistis
591 2976 785 3020 ieiunum
817 2976 905 3020 sit?

433 3045 496 3088 3⁰.
560 3045 808 3103 Postgatius
838 3048 881 3090 in
913 3059 992 3091 sua
1023 3047 1213 3091 editione
1245 3060 1425 3092 versum
1457 3047 1537 3091 100
1567 3048 1628 3091 sic
1650 3047 1914 3103 interpungit
1935 3045 2070 3089 Arca-

373 3116 502 3160 dium
551 3120 671 3169 (stat
706 3116 869 3173 fama)
916 3129 1073 3161 senem
1103 3130 1194 3174 eqs.
1227 3120 1282 3162 ita
1315 3127 1360 3162 ut
1391 3119 1665 3163 accusativus
1696 3129 1721 3161 e
1751 3115 1937 3160 vidistis
1966 3127 2071 3171 pen-
