2210 3568
963 292 1022 337 33

1659 404 1673 425 l

871 422 1076 468 Elisi0.

147 563 382 613 Vocales
421 566 581 624 longae
612 574 714 611 ante
742 565 1059 623 monosyllaba
1090 567 1267 624 saepius
1297 567 1532 622 eliduntur,
1564 566 1619 613 cf.
1650 567 1710 612 23
1740 568 1857 613 dabo

36 615 90 700 ⁴51}
108 635 203 699 ἡ,
223 636 327 693 311,
357 636 447 683 327
479 638 591 682 ratio
621 646 679 691 et,
711 636 801 681 450
831 638 964 681 animi
994 646 1050 692 et,
1083 636 1172 682 486
1204 639 1351 683 medio
1383 640 1452 694 in3
1484 639 1564 683 sed
1595 639 1726 684 etiam
1757 648 1858 684 ante

130 708 351 757 bethula
381 709 574 767 plurium
605 708 901 766 syllabarum.
935 708 962 752 4
993 709 1228 753 inconsulti
1260 709 1464 755 homines
1492 710 1573 754 105
1595 722 1705 768 ergo
1736 710 1856 755 illum

68 775 362 843 {qm-ergo
392 792 476 839 age
549 779 639 825 234
670 791 784 825 vero
814 781 1051 837 inpensum
1127 779 1217 824 246
1247 792 1357 838 ergo
1389 782 1463 826 ubi
1539 781 1629 826 323
1657 794 1767 839 ergo
1798 781 1857 826 illi

46 853 106 911 {f
130 849 223 901 28
251 851 419 898 idcirco
448 852 685 910 imperium
746 850 836 896 352
867 851 998 909 longe
1029 852 1241 896 auxilium
1315 852 1404 897 392
1435 865 1544 911 ergo
1581 854 1708 898 insita
1769 853 1851 898 411

132 905 391 974 adimenda
423 925 568 968 anima
629 922 720 967 483
749 923 917 968 idcirco
949 924 1080 968 aeriis
1142 923 1232 967 493
1263 935 1372 981 ergo
1404 925 1638 987 inpetrato.

854 1117 859 1122 -
885 1064 1105 1111 Caesam.

263 1134 270 1159 1

192 1197 363 1243 Durior
392 1197 488 1243 sola
518 1208 717 1252 caesura,
751 1208 884 1254 quam
916 1196 1104 1254 legimus
1137 1210 1181 1243 v.
1213 1197 1305 1242 240

369 1278 436 1315 est
465 1277 612 1313 tamen
645 1277 692 1312 ut
723 1279 780 1312 ne
812 1269 955 1325 prima
986 1271 1006 1323 l
1036 1267 1261 1321 faventem
1293 1270 1478 1326 pignera
1510 1267 1657 1314 fallant

193 1403 445 1458 Caesuram
476 1413 521 1456 in
553 1410 673 1456 hiatu
705 1411 936 1456 cadentem
967 1412 1221 1458 invenimus
1252 1425 1472 1470 nusquam
1505 1413 1588 1456 nisi

189 1482 279 1529 528
309 1483 556 1530 Nebroden
587 1483 756 1540 liquere
786 1481 908 1527 ferae
939 1487 982 1538 Ι;
1014 1494 1043 1528 o
1075 1493 1265 1540 quantus
1295 1485 1338 1528 in
1372 1485 1506 1528 armis

189 1553 280 1600 249
325 1555 412 1601 hoc
456 1556 614 1613 ingens
659 1555 889 1608 meritum;
925 1559 957 1607 ,Ι
1002 1554 1111 1599 haec
1158 1555 1309 1600 ultima
1355 1555 1500 1612 palma
1548 1557 1716 1613 tropaei
1760 1555 1856 1613 (sed

109 1622 396 1672 'meritamst
424 1626 662 1673 scribendo
693 1625 837 1671 hiatus
870 1626 1126 1684 vocalisque
1159 1628 1394 1684 productio
1426 1627 1627 1686 tollitur.)

655 1768 903 1814 Productio
933 1770 1112 1815 vocalis
1144 1769 1193 1815 in
1224 1771 1336 1816 arsi.

218 1900 280 1946 43
310 1900 483 1947 velatur
511 1900 695 1957 sonipes
725 1901 881 1946 aestivi
913 1901 1042 1946 turba
1076 1899 1258 1960 Canopi

196 1970 280 2017 130
309 1970 491 2030 taxique
520 1973 741 2030 pinusque
772 1970 1079 2030 Altinatesque
1109 1983 1319 2031 genestae

182 2042 277 2088 294
307 2042 373 2103 (Ρ)
402 2043 540 2088 ubera
571 2051 660 2088 tota
689 2045 811 2088 tenet
843 2055 868 2087 a
900 2053 1028 2102 tergo
1059 2044 1170 2090 liber
1202 2054 1358 2102 aperto

187 2113 279 2159 339
308 2113 374 2174 (Ρ)
406 2105 500 2160 sui-s
529 2123 573 2159 et
603 2123 783 2172 tergore
813 2114 938 2160 fulvo

190 2185 372 2232 Vocalis
411 2186 564 2232 brevis
605 2187 650 2230 in
690 2186 895 2231 vocabuli
936 2188 1056 2232 exitu
1099 2189 1256 2245 posita,
1288 2190 1326 2233 si
1357 2199 1602 2245 sequuntur
1634 2200 1858 2235 consonae

131 2257 261 2315 duae,
307 2270 399 2304 non
445 2257 730 2316 producitur;
777 2267 925 2303 textus
972 2269 1179 2317 receptus
1220 2261 1257 2305 si
1299 2273 1435 2306 sanus
1477 2270 1556 2316 est,
1601 2270 1700 2305 ante
1741 2263 1787 2305 st
1815 2269 1858 2304 et

127 2340 186 2386 sp
215 2330 478 2388 producitur
508 2329 678 2375 vocalis
711 2330 862 2374 brevis
893 2330 962 2375 his
993 2340 1162 2376 tantum
1195 2331 1327 2376 locis:

42 2414 46 2415 ⁷
110 2432 113 2435 ι
194 2400 277 2446 142
307 2410 408 2459 post
438 2401 515 2446 ubi
545 2402 748 2459 proceris
778 2408 1002 2459 generosa
1031 2404 1241 2460 stirpibus
1273 2405 1408 2449 arbor

188 2471 280 2518 259
309 2472 493 2531 νοῐρίηἱ
521 2474 713 2531 species:
746 2483 893 2519 tamen
926 2474 1027 2520 huic
1059 2485 1215 2520 exacta
1246 2476 1465 2521 voluntas

761 2617 998 2674 Correptio
1029 2619 1218 2666 vocalis,

218 2733 286 2800 864
307 2735 530 2780 interdum
563 2735 736 2794 Libyco
765 2736 971 2782 fucantur
1002 2739 1202 2796 sandyce
1234 2751 1408 2797 pennae

195 2810 277 2855 175
311 2797 488 2856 veneris
520 2821 652 2870 atque
684 2814 807 2870 ipsos
839 2813 970 2859 libeat
1001 2825 1236 2872 penetrare
1270 2815 1511 2861 Britannos

190 2881 280 2929 416
315 2881 656 2942 Hipponiasque
689 2885 811 2942 pices
837 2886 1149 2944 neclectaeque
1171 2900 1349 2946 unguen
1374 2900 1594 2932 amurcae.

627 3038 673 3083 5.
735 3026 812 3073 De
844 3027 1042 3074 Grattii
1073 3030 1360 3076 codicibus.

194 3141 348 3189 Ovidii
382 3144 629 3191 Halieutica
660 3156 703 3191 et
738 3145 899 3192 Grattii
935 3147 1210 3207 Cynegetica
1227 3151 1355 3196 nobis
1382 3150 1535 3194 tradita
1558 3157 1658 3193 sunt
1681 3148 1856 3193 duobus

130 3215 356 3261 codicibus
386 3229 444 3261 ex
475 3218 636 3274 quibus
667 3218 775 3263 alter
809 3221 1024 3265 vetustior
1056 3234 1160 3277 pars
1192 3231 1259 3267 est
1291 3222 1456 3267 codicis
1487 3219 1856 3265 Vindobonensis
