2210 3568
1217 301 1267 344 18

391 427 510 485 Cyn.
542 427 779 472 424—426
1324 443 1405 475 nec
1436 442 1525 475 non
1558 440 1702 476 tamen
1734 432 1853 477 illum

857 501 1056 556 spumosi
1087 500 1253 545 catulos
1285 511 1558 558 mergentem
1590 502 1726 547 litoris
1758 509 1881 547 aestu

860 571 1049 627 respicit.

389 637 449 684 G.
484 638 535 683 11.
570 638 658 683 433
859 649 901 685 et
913 641 1107 686 dubitant
1119 641 1319 687 homines
1331 655 1481 688 serere
1494 651 1623 699 atque
1634 644 1892 700 impendere
1901 645 2088 690 curam?

389 708 510 766 Cyn.
543 709 781 754 428—429
1479 714 1517 756 si
1546 714 1725 757 vincere
1757 722 1911 758 curent
2040 767 2043 773 ι

857 774 1068 826 desidiam
1099 791 1142 827 et
1172 792 1320 840 gratos
1351 784 1555 840 agitando
1587 784 1807 840 prendere
1837 782 1969 830 finis.

388 849 449 895 G.
482 849 561 895 IV.
594 850 831 895 418—422
1430 857 1500 897 est
1528 865 1693 909 specus
1723 854 1888 910 ingens

858 925 981 968 exesi
1012 925 1146 969 latere
1177 926 1220 968 in
1254 926 1413 982 montis
1445 937 1533 982 quo
1565 925 1750 981 plurima
1782 934 1917 970 vento

856 996 1038 1051 cogitur,
1070 997 1202 1051 inque
1223 997 1344 1039 sinus
1365 997 1520 1040 scindit
1540 1008 1639 1040 sese
1661 996 1777 1040 unda
1794 995 2020 1041 reductos.
2039 1030 2049 1040 .
2068 1031 2078 1039 .

700 1116 703 1124 .
857 1066 972 1109 intus
1002 1078 1051 1110 se
1083 1066 1194 1109 vasti
1227 1065 1416 1110 Proteus
1446 1068 1549 1123 tegit
1579 1066 1706 1110 obice
1735 1067 1846 1111 saxi.

386 1133 506 1191 Cyn.
539 1133 774 1178 430—434
856 1139 926 1180 est
971 1138 1014 1180 in
1063 1135 1289 1180 Trinacria
1334 1147 1499 1191 specus
1539 1136 1702 1192 ingens
1745 1149 1870 1194 rupe,
1901 1137 2088 1194 cavique

855 1209 1070 1251 introsum
1103 1207 1267 1252 reditus
1308 1240 1318 1251 .
1338 1198 1379 1251 ..

855 1275 1056 1322 Vulcano
1088 1278 1288 1322 condicta
1320 1278 1493 1333 domus,
1525 1290 1656 1334 quam
1688 1287 1840 1335 supter
1871 1279 1989 1323 eunti

856 1356 1008 1404 stagna
1040 1349 1207 1393 sedent.

385 1415 444 1460 G.
481 1416 554 1461 111.
588 1416 675 1461 428
855 1430 1008 1463 amnes
1038 1419 1111 1462 ulli
1144 1428 1407 1476 rumpuntur
1439 1417 1643 1463 fontibus.

388 1486 508 1544 Cyn.
541 1487 629 1531 432
857 1491 1060 1547 ruptique
1092 1491 1302 1534 ambustis
1333 1490 1726 1535 faucibusamneS.

385 1556 446 1603 G.
481 1558 558 1603 lV.
590 1558 826 1602 384-385
856 1570 921 1604 ter
952 1560 1115 1617 liquido
1146 1562 1372 1606 ardentem
1405 1561 1594 1618 perfudit
1624 1570 1800 1606 nectare
1832 1561 2026 1616 Vestam,

857 1640 922 1675 ter
954 1631 1128 1675 flamma
1160 1632 1214 1675 ad
1246 1644 1468 1675 summum
1501 1633 1598 1677 tecti
1629 1633 1823 1676 subiecta
1853 1633 2024 1677 reluxit.

386 1698 448 1743 G.
482 1698 536 1743 11.
569 1699 620 1743 81
854 1703 944 1745 exit
976 1701 1029 1745 ad
1061 1702 1229 1746 caelum
1260 1702 1405 1745 ramis
1426 1701 1648 1758 felicibus
1678 1703 1822 1747 arbos.

384 1768 505 1827 Cyn.
538 1770 775 1815 441—442
854 1781 920 1816 ter
951 1774 1135 1829 quisque
1168 1782 1339 1828 vocant,
1371 1782 1437 1817 ter
1468 1774 1644 1830 pinguia
1676 1773 1808 1817 libant

856 1853 952 1887 tura
982 1843 1097 1899 foco,
1129 1845 1308 1887 struitur
1337 1843 1481 1888 ramis
1501 1843 1723 1900 felicibus
1752 1856 1840 1887 ara.

386 1911 446 1957 G.
482 1912 557 1957 IV.
589 1914 675 1957 554
856 1914 928 1958 hic
971 1926 1077 1958 vero
1106 1915 1308 1958 subitum
1339 1926 1394 1958 ac
1424 1914 1546 1958 dictu
1579 1914 1785 1958 mirabile
1816 1916 2080 1959 monstrum.

335 2029 340 2032 .
384 1982 505 2040 Cyn.
538 1984 626 2028 443
854 1984 926 2028 hic
972 1985 1096 2028 dicta
1141 1985 1303 2029 mirum
1347 1996 1401 2029 ac
1432 1985 1554 2028 alias
1586 1984 1783 2040 ignobile
1814 1987 2092 2029 monstram.

381 2053 443 2098 G.
477 2053 554 2098 1V.
587 2055 675 2099 419
852 2057 975 2100 exesi
1006 2057 1140 2101 latere
1171 2058 1214 2100 in
1248 2057 1421 2100 montis.

383 2123 503 2182 Cyn.
536 2125 623 2169 444
754 2171 764 2176 ,
852 2136 1070 2183 ruptoque
1101 2139 1127 2172 e
1158 2137 1337 2184 pectore
1369 2127 1542 2171 montis.

380 2194 530 2253 Eelog.
562 2196 604 2240 5.
635 2196 694 2240 82
853 2199 1068 2242 venientis
1099 2198 1251 2242 sibilus
1282 2198 1445 2241 Austri.

382 2264 502 2322 Cyn.
535 2266 623 2310 445
851 2269 969 2313 venit
1004 2270 1082 2324 (sc.
1117 2268 1361 2323 Vulcanus)
1395 2279 1537 2312 ovans
1569 2266 1754 2312 Austris.

380 2335 439 2381 G.
475 2336 551 2381 IV.
583 2336 821 2381 385—386
852 2348 919 2383 ter
951 2339 1124 2382 flamma
1157 2339 1211 2382 ad
1242 2351 1465 2382 summum
1498 2339 1597 2382 tecti
1628 2338 1820 2382 subiecta
1852 2337 2010 2382 reluxit

520 2435 523 2438 >
851 2410 997 2463 omine
1028 2421 1115 2465 quo
1148 2399 1328 2452 firmans
1358 2410 1552 2452 animum
1592 2440 1602 2451 .
1622 2440 1633 2451 .
1653 2442 1691 2452 ..

365 2469 501 2534 Cyn.
534 2477 770 2524 457—460
1203 2480 1313 2524 deus
1344 2480 1459 2523 illam
1491 2479 1679 2523 molliter
1709 2491 1830 2523 aram

849 2550 997 2594 lambit
1028 2560 1070 2594 et
1102 2552 1197 2607 ipse
1227 2562 1335 2594 suos
1366 2551 1438 2594 ubi
1470 2551 1647 2607 contigit
1676 2551 1788 2606 ignis
1805 2549 2012 2604 honores,

847 2620 1012 2678 defugit
1044 2634 1069 2665 a
1099 2623 1236 2665 sacris
1277 2653 1287 2664 .
1305 2653 1345 2666 ..

851 2691 951 2735 huic
981 2691 1047 2735 fas
1078 2692 1287 2736 auxilium
1327 2724 1338 2736 .
1357 2724 1368 2735 .
1387 2724 1399 2735 .

382 2757 441 2804 G.
477 2759 552 2804 111.
585 2759 821 2820 459—460
1770 2770 1812 2804 et
1845 2762 1958 2805 inter

847 2834 933 2876 ima
965 2832 1096 2876 ferire
1129 2834 1252 2889 pedis
1282 2834 1506 2894 salientem
1538 2833 1750 2888 sanguine
1781 2843 1956 2876 venam.

379 2900 498 2957 Cyn.
531 2902 758 2947 470—-471
846 2903 1125 2959 stringendae
1158 2916 1288 2947 nares
1319 2913 1361 2948 et
1394 2904 1431 2960 †
1464 2915 1518 2946 na
1550 2903 1752 2959 ligamina
1784 2901 1903 2946 ferro

851 2986 1090 3018 armorum.
1124 2974 1368 3030 (ligamina
1399 2986 1488 3018 non
1522 2993 1577 3010 =
1609 2973 1773 3027 venae)

381 3042 441 3086 G.
475 3043 528 3087 11.
560 3043 797 3087 527—529
846 3045 939 3100 ipse
971 3044 1063 3088 dies
1095 3046 1223 3101 agitat
1255 3045 1405 3099 festos,
1436 3044 1646 3099 fususque
1678 3055 1758 3099 per
1788 3043 1984 3097 herbam,

847 3116 958 3170 ignis
990 3116 1063 3159 ubi
1094 3117 1137 3158 in
1170 3116 1314 3159 medio
1347 3125 1389 3159 et
1419 3115 1526 3159 socii
1557 3122 1724 3158 cratera
1757 3122 1982 3168 coronant,

849 3194 890 3229 te
920 3185 1059 3229 libans
1092 3185 1265 3230 Lenaee
1298 3195 1438 3229 vocat.
