2210 3568
1154 239 1213 283 28

397 368 468 413 38.
510 370 703 415 cultor:
745 368 891 414 Tibris
929 368 1100 413 Latium
1142 369 1378 414 fecundum
1420 370 1576 425 reddit,
1616 369 1669 414 cf.
1715 368 1947 416 Claudian-
1976 371 2038 420 ΕΒ
2198 350 2202 411 ¹·

339 449 447 497 rapt.
482 440 608 485 Pros.
643 440 717 484 111.
750 439 838 484 373
868 439 1100 495 Apollinei
1130 440 1331 484 nemoris
1362 440 1626 484 nutritor
1658 440 1863 486 Orontes.

399 522 568 565 opaca
618 510 860 555 silentia:
926 509 1120 555 Tiberim
1168 523 1248 568 per
1299 511 1396 556 loca
1438 512 1668 556 arboribus
1713 523 1851 569 opaca
1909 513 2036 560 tacite
2119 502 2151 579 ζὴ

338 581 423 626 labi
479 582 663 639 legimus
722 581 839 637 apud
898 581 1031 639 Verg.
1079 580 1190 626 Aen.
1240 581 1360 626 V111.
1407 581 1477 626 31.
1524 581 1583 626 32
1628 582 1733 627 huic
1775 583 1891 628 deus
1936 583 2038 640 ipse
2131 629 2145 650 ἢ
2199 606 2202 638 3

338 652 427 696 loci
447 651 597 709 fluvio
640 651 874 696 Tiberinus
903 661 1098 696 amoeno
1128 656 1149 707 s
1176 653 1401 707 populeas
1432 652 1550 697 inter
1578 653 1735 698 senior
1762 665 1816 698 se
1844 652 2037 700 attolere
2094 644 2101 656 '
2198 647 2202 686 5

329 721 542 778 frondes,
591 722 689 767 Vll.
735 722 815 767 37.
835 755 875 766 ..
928 723 1080 767 laetus
1116 723 1266 780 fluvio
1311 724 1514 768 succedit
1557 734 1702 779 opaco
1711 737 1727 778 ,·
1774 722 1866 770 Ov.
1900 720 2039 770 Meta&
2126 714 2145 750 f.
2198 715 2201 737 ³

338 794 511 850 morph.
551 793 670 838 XIV.
710 793 796 838 447
827 794 1043 849 lucosque
1069 798 1246 849 petunt,
1279 794 1357 838 ubi
1386 795 1558 839 nubilis
1589 795 1748 840 umbra
1777 799 1798 850 l
1829 795 1878 840 in
1909 802 2038 842 mare

338 875 439 908 cum
461 864 595 921 flava
620 865 878 920 prorumpit
914 865 1098 920 Thybris
1129 865 1315 909 harena.
2127 870 2149 890 ‘²'

325 1035 327 1103 J
397 1041 466 1085 40.
500 1040 779 1085 nostris...
806 1041 1047 1085 Faliscis:
1068 1041 1260 1086 nostris:
1281 1043 1560 1098 nostratibus,
1576 1042 1630 1089 cf.
1650 1043 1901 1101 Prolegom.
1918 1057 1961 1102 p.
1999 1044 2037 1088 1.

396 1112 614 1156 inbellia
644 1111 777 1155 lina:
809 1124 899 1157 non
932 1122 1030 1169 apta
1062 1113 1176 1157 bello
1207 1112 1373 1158 ferino:
1406 1115 1665 1159 vestimenta
1691 1126 1754 1159 ex
1788 1115 1842 1159 iis
1862 1113 2038 1170 flebant,

338 1182 391 1227 cf.
426 1181 502 1226 Sil.
537 1182 667 1226 Italic.
702 1182 778 1228 IV.
809 1182 899 1226 223
930 1183 1082 1227 induti
1111 1195 1200 1226 sua
1230 1183 1329 1228 lina
1359 1184 1543 1228 Falisci.

396 1360 467 1404 41.
530 1359 863 1415 Hispanique
893 1360 1000 1405 alio
1030 1362 1342 1416 spectantur
1373 1360 1626 1406 Saetabis
1656 1373 1784 1406 usu:
1815 1363 1877 1407 sic
1905 1361 2040 1407 edidi-

339 1442 451 1486 mus,
484 1440 525 1475 at
556 1432 601 1475 in
633 1430 672 1475 A
706 1430 952 1475 Sa&tabes
983 1432 1153 1490 legitur.
2019 1466 2024 1478 .

397 1500 445 1546 Si
476 1509 622 1546 textus
652 1511 770 1546 recte
801 1502 982 1546 traditus
1004 1512 1069 1547 est
1085 1504 1203 1547 —id
1220 1503 1338 1560 quod
1355 1512 1474 1559 putat
1491 1503 1745 1548 Vollmerus
1760 1529 1818 1536 —-
1836 1495 2040 1550 Grattius

339 1571 563 1617 Saetabes
594 1585 676 1629 pro
708 1573 857 1630 populi
889 1575 1067 1618 nomine
1109 1574 1357 1619 adhibuisse
1389 1575 1574 1620 videtur.
1615 1574 1723 1619 Aliis
1754 1583 1899 1620 tamen
1929 1574 2040 1620 locis

338 1642 394 1687 de
426 1643 547 1698 urbe,
593 1655 683 1687 non
715 1643 771 1688 de
798 1643 969 1699 populo
1000 1645 1094 1688 eius
1125 1645 1314 1688 nominis
1345 1657 1493 1689 sermo
1524 1654 1603 1700 est,
1634 1644 1688 1691 cf.
1721 1644 1927 1718 Strabon.
1957 1644 2036 1690 111.

339 1713 370 1758 9
400 1713 522 1772 (160)
551 1717 637 1755 Σαι
625 1716 789 1771 ιτάβιος
819 1711 995 1762 πόλεως.

399 1783 509 1829 Plin.
547 1784 606 1828 H.
642 1784 698 1828 Ν.
731 1784 848 1830 XIX.
881 1785 910 1830 9
940 1785 1155 1829 similiter
1177 1787 1229 1829 et
1261 1786 1309 1830 in
1339 1786 1478 1830 Italia
1508 1786 1694 1842 regione
1715 1787 1903 1832 Alliana
1919 1787 2040 1831 inter

339 1855 517 1900 Padum
568 1855 858 1911 Ticinumque
902 1867 1063 1901 amnes
1111 1857 1189 1901 ubi
1233 1868 1264 1900 a
1310 1856 1346 1901 8
1355 1857 1557 1901 aetabz
1603 1857 1738 1902 tertia
1770 1858 1819 1902 in
1849 1857 2039 1914 Europa

338 1926 434 1970 lino
461 1926 632 1981 palma.

398 1995 474 2042 Sil.
529 1997 657 2041 Italic.
711 1997 785 2042 111.
837 1997 925 2042 377
977 1998 1259 2066 Saetabis
1308 2002 1354 2042 et
1398 1999 1516 2043 telas
1562 1999 1763 2044 Arabum
1805 1997 2074 2055 sprevisse
2161 2054 2177 2061 y

338 2067 535 2123 superba
563 2071 583 2122 s
613 2071 659 2111 et
690 2068 930 2112 Pelusiaco
952 2069 1090 2125 filum
1123 2080 1393 2124 componere
1423 2069 1531 2114 lino.

401 2136 559 2183 Catull.
622 2137 685 2182 12.
753 2139 803 2182 14
858 2151 967 2184 ηαιη
1011 2140 1204 2184 sudaria
1245 2139 1447 2184 Saetaba
1489 2153 1547 2185 ex
1591 2141 1734 2185 Iberis
1763 2150 1783 2196 s
1814 2140 2037 2186 miserunt

339 2208 453 2253 mihi
484 2209 661 2252 muneri
690 2209 910 2253 Fabullus
939 2215 959 2263 s
990 2214 1036 2254 et
1073 2210 1304 2255 Veranius.

401 2278 556 2335 Quare
588 2280 646 2325 Is,
685 2279 871 2325 Vossius
888 2282 942 2325 ad
962 2280 1121 2326 Catull.
1139 2282 1283 2326 locum
1301 2283 1368 2326 cit.
1390 2282 1738 2338 Hispanaeque.
1759 2317 1767 2326 .
1787 2315 1798 2326 .
1820 2281 2040 2328 Saetabis

339 2352 545 2406 coniecit;
576 2353 926 2396 subaudiendum
958 2362 1049 2396 tum
1081 2353 1207 2406 lina;
1237 2354 1306 2398 vir
1321 2353 1477 2398 doctus
1497 2352 1556 2397 H.
1580 2352 1777 2398 Schenkl
1797 2353 1883 2412 (Zu
1903 2351 2037 2398 Grat-

338 2423 436 2477 tius,
467 2434 510 2478 p.
542 2420 647 2479 423)
677 2421 891 2466 Saetabis
921 2424 1118 2468 scribens
1142 2423 1433 2479 Hispanique
1454 2424 1658 2479 defendit,
1681 2424 1799 2481 quod
1819 2423 2038 2469 Saetabis

339 2492 409 2537 hic
440 2492 496 2536 de
526 2491 705 2536 flumine
735 2493 818 2537 dici
849 2503 981 2549 putat.

400 2562 470 2606 De
520 2561 735 2619 Hispania
782 2563 981 2620 loquens,
1028 2564 1195 2609 Plinius
1227 2565 1361 2622 (XIX.
1400 2565 1468 2623 10)
1499 2569 1544 2609 et
1577 2564 1809 2620 Hispania
1838 2564 2033 2619 citerior,

339 2635 489 2691 inquit,
521 2633 656 2677 habet
685 2634 974 2688 splendorem
1004 2635 1090 2679 lini
1117 2636 1426 2691 praecipuum,
1449 2636 1665 2680 torrentis
1688 2635 1736 2680 in
1756 2646 1845 2691 quo
1863 2635 2039 2691 politur

340 2708 520 2759 natura,
567 2704 647 2759 qui
691 2705 825 2748 alluit
877 2706 1184 2751 Tarraconem.
1234 2708 1294 2751 Et
1337 2708 1541 2752 tenuitas
1582 2706 1712 2762 mira,
1746 2706 1810 2750 ibi
1834 2707 2036 2762 primum

339 2775 545 2820 carbasis
587 2775 792 2830 repertis,
854 2777 960 2820 Νοη
1006 2778 1178 2821 dudum
1218 2777 1335 2835 (post
1362 2777 1522 2823 Grattii
1555 2776 1757 2835 aetatem)
1786 2789 1845 2821 ex
1873 2777 2037 2821 eadem

342 2846 575 2902 Hispania
607 2846 836 2890 Zoelicum
866 2847 989 2890 venit
1022 2847 1070 2891 in
1101 2847 1298 2904 Italiam,
1329 2849 1482 2905 plagis
1513 2848 1822 2893 utilissimum.
1857 2847 2037 2892 Civitas

341 2929 398 2962 ea
431 2917 689 2961 Callaeciae
719 2921 765 2960 et
798 2916 979 2962 Oceano
1008 2919 1283 2974 propinqua.

401 2987 469 3032 Ex
499 3000 588 3045 quo
619 2988 717 3032 loco
747 2989 863 3032 idem
893 2989 1099 3032 discimus
1130 2999 1258 3046 atque
1288 3002 1346 3034 ex
1368 2991 1587 3047 prioribus
1610 2989 1869 3044 Hispaniae
1889 2989 2036 3033 linum

340 3067 504 3102 tantum
535 3070 623 3103 non
655 3071 787 3103 omne
817 3059 1139 3103 tenuissimum
1169 3060 1303 3105 fuisse
1336 3062 1527 3116 ideoque
1557 3060 1730 3104 retibus
1752 3059 2035 3105 conficiendis

342 3129 495 3173 minus
525 3134 698 3184 aptum,
730 3129 783 3176 cf.
815 3131 944 3174 etiam
977 3131 1121 3174 adnot.
1155 3132 1209 3174 ad
1243 3144 1307 3175 vs.
1341 3132 1411 3175 44.
