2210 3568
1180 215 1238 259 38

345 350 504 407 fangen
520 348 612 394 sich
624 348 694 392 die
707 346 862 404 Vogel,
876 359 911 389 z.
927 345 982 389 B.
998 345 1282 400 Rebhiihner,
1300 345 1466 390 welche
1484 345 1623 390 durch
1644 345 1798 390 K6der
1815 347 2046 404 angelockt
2105 335 2107 338 Α

346 421 540 475 werden,
565 419 712 463 indem
729 419 792 462 sie
809 417 901 461 sich
920 418 995 460 mit
1011 417 1096 461 den
1114 416 1284 461 Fiiszen
1302 417 1449 461 hinein
1471 416 1751 461 verwickeln.
1787 416 1888 462 Von
1904 417 2048 464 dieser

345 488 863 545 zusammenhfingenden
895 488 1004 532 oder
1025 487 1345 532 fortlaufenden
1370 487 1508 532 Reihe
1529 499 1619 531 von
1642 485 1866 532 Schleifen.
1882 488 2070 535 konnte‘

346 562 581 618 allerdings
611 570 788 604 currere
811 569 899 614 ,per
928 570 1138 614 campum
1168 567 1317 616 gesagt
1339 558 1562 602 werden.”
1597 557 1664 602 Ex
1686 558 1752 602 his
1770 559 1918 604 verbis
1934 569 2049 616 patet

347 632 508 678 Sternii
539 631 940 687 interpretationem
971 642 1061 674 non
1093 629 1375 674 verisimilem
1405 641 1518 683 esse,
1535 640 1650 684 cum,
1672 637 1718 673 ut
1738 630 1832 686 ipse
1850 628 2050 676 Minerua

347 702 567 756 intellexit,
603 712 752 746 sermo
788 701 841 745 sit
877 700 933 744 de
969 700 1134 757 laqueis
1170 701 1327 757 quibus
1364 701 1531 744 maiora
1568 699 1766 743 animalia
1802 709 2047 758 captentur:

347 782 447 817 sunt
477 773 594 817 enim
615 784 674 817 ex
694 773 845 816 nervis
866 772 1058 816 cervinis
1079 771 1268 815 texendi.
1296 770 1357 814 Hi
1379 779 1523 815 autem
1545 770 1688 827 laquei
1708 771 2047 827 suspenduntur.

350 842 489 899 Quod
520 852 664 888 autem
699 842 899 887 Millerus
930 843 1098 886 scribit:
1145 852 1379 895 „curraces
1410 841 1664 886 bezeichnet
1695 840 1787 895 also
1817 842 1861 886 in
1893 842 2059 887 beiden

348 913 495 959 Fallen
555 914 626 958 die
686 912 977 958 fortlaufende
1029 911 1169 957 Reihe
1220 912 1299 957 der
1349 911 1576 969 liegenden
1629 911 1739 955 oder
1788 911 2048 969 hiingenden

349 984 614 1040 Schleiien’'‚
663 985 706 1028 in
753 984 834 1028 hac
881 995 930 1028 re
972 995 1074 1028 eum
1115 984 1240 1039 sequi
1271 994 1459 1040 nequeo,
1491 995 1592 1026 cum
1623 984 1762 1026 series
1792 982 2049 1040 laqueorum

347 1067 666 1112 suspensorum
699 1055 915 1099 vocabulo
948 1065 1112 1098 currax
1142 1066 1231 1098 non
1263 1053 1388 1098 Facile
1419 1053 1652 1110 significari
1682 1055 1832 1110 possit.

350 1127 500 1171 Restat
529 1126 828 1182 interpretatio
864 1124 1046 1181 Hauptii
1077 1125 1150 1180 qui
1181 1124 1395 1179 laqueum
1426 1135 1652 1168 curracem
1679 1125 1830 1180 βρόχον
1851 1123 2048 1181 εὔτροχον

348 1210 447 1242 esse
477 1197 675 1241 coniecit.

410 1267 664 1312 Dolendum
711 1276 776 1311 est
824 1266 970 1311 locum
1012 1266 1141 1310 etiam
1187 1277 1303 1309 nunc
1335 1266 1549 1309 incertum
1582 1278 1783 1320 manere;
1815 1266 1894 1311 sed
1925 1268 1968 1310 in
2001 1278 2049 1311 re

348 1339 512 1382 incerta
543 1340 673 1382 etiam
706 1338 984 1382 coniecturae
1015 1336 1195 1380 alicuius
1227 1337 1436 1380 momenti
1467 1344 1591 1390 sunt;
1624 1348 1696 1381 res
1727 1338 1844 1381 enim
1875 1349 1975 1381 cum
2006 1338 2050 1381 in

349 1409 618 1454 oblivionem
650 1409 815 1464 abierit,
848 1409 903 1452 de
934 1417 1052 1452 certa
1083 1408 1438 1463 interpretatione
1470 1406 1807 1463 desperandum.

412 1492 567 1526 usus:
599 1500 655 1517 =
687 1480 857 1534 utilitaS,
889 1487 935 1522 ut
958 1492 1000 1523 v.
1023 1477 1112 1522 380
1132 1481 1178 1521 et
1197 1480 1357 1522 nostra
1378 1477 1566 1533 quidam
1585 1478 1705 1522 redit
1725 1489 1839 1523 usus
1857 1478 1917 1522 ab
1936 1482 2047 1524 ane.

409 1621 479 1666 90.
544 1621 760 1666 cervino
803 1619 1005 1664 iussere
1037 1619 1211 1674 magis
1242 1620 1526 1663 contexere
1556 1631 1749 1665 nervo:
1781 1619 1957 1665 iussere
1986 1633 2047 1666 sc.

351 1693 477 1749 periti
516 1701 765 1748 venatores,
797 1691 849 1735 ci.
884 1704 950 1735 vs.
981 1689 1039 1734 58
1069 1693 1247 1744 vetant3
1280 1690 1429 1745 magis
1451 1710 1507 1727 =
1530 1692 1673 1747 potius
1704 1693 1887 1736 cervino
1917 1704 2047 1749 quam

350 1764 437 1808 alio
455 1775 619 1817 nervo;
637 1763 888 1819 complures
905 1762 1041 1816 locos,
1066 1762 1139 1805 ubi
1161 1761 1311 1815 magis
1333 1781 1387 1797 =
1406 1761 1576 1816 potius,
1600 1762 1772 1819 collegit
1794 1761 1844 1806 Ρ.
1868 1762 2047 1820 Langen

346 1835 392 1878 in
425 1834 615 1878 editione
649 1833 811 1878 Valerii
830 1833 971 1877 Flacci
993 1845 1034 1888 p.
1053 1831 1141 1876 388
1158 1832 1211 1875 ad
1231 1831 1284 1875 V.
1303 1831 1413 1885 563;
1449 1831 1614 1876 Munro
1631 1832 1685 1876 ad
1705 1831 1877 1877 Lucret.
1898 1833 1928 1877 1.
1945 1833 2043 1878 612.

411 1904 473 1948 Illi
513 1905 655 1960 laquei
695 1905 878 1949 cervino
909 1915 935 1948 e
967 1915 1106 1947 nervo
1139 1903 1402 1947 contexendi
1433 1912 1548 1955 sunt,
1581 1915 1636 1947 ne
1667 1916 1828 1948 cervus
1859 1905 2048 1949 alienum

350 1968 535 2020 odorem
560 1984 602 2019 et
629 1974 842 2027 fraudem,
868 1976 904 2018 si
927 1987 983 2018 ex
1006 1974 1089 2018 alio
1108 1986 1249 2018 nervo
1266 1974 1337 2018 vel
1354 1974 1442 2017 lino
1459 1974 1558 2018 facti
1574 1975 1672 2029 sint,
1695 1976 1915 2031 percipiat.
1939 1974 2071 2029 „Alii

349 2045 645 2092 recentiores’'
677 2070 735 2078 —
765 2046 902 2101 inquit
943 2044 1102 2089 Vlitius
1135 2069 1189 2077 —
1228 2046 1373 2101 „ipsos
1389 2044 1569 2100 laqueos
1591 2046 1873 2097 cannabinos,
1891 2047 2048 2103 quibus

349 2126 542 2171 utuntur,
585 2118 765 2161 cervino
808 2116 911 2160 fimo
951 2117 1147 2160 oblinunt
1181 2115 1251 2160 vel
1282 2116 1376 2160 eius
1409 2116 1619 2170 animalis,
1650 2117 1720 2160 cui
1750 2117 2049 2162 insidiantur.”

407 2186 556 2231 fraus
601 2188 747 2243 teget
792 2186 1020 2230 insidias
1066 2186 1252 2230 habitu
1301 2186 1529 2230 mentita
1572 2186 1765 2232 ferino:
1806 2189 1859 2232 ad
1892 2200 2049 2233 vocem

350 2259 510 2303 habitu
556 2259 668 2303 bene
710 2258 885 2302 adnotat
926 2271 967 2302 v.
1002 2258 1041 2301 d.
1080 2256 1246 2301 Curcio
1284 2266 1520 2311 „carattere
1551 2257 1694 2302 ferino
1725 2259 1768 2301 in
1799 2259 2047 2315 generale‚”

350 2331 424 2387 qui
459 2329 655 2383 „l’odore
687 2329 729 2372 di
762 2330 940 2373 cervo‘’.

409 2470 479 2514 92.
542 2469 666 2525 quid
713 2470 801 2525 qui
845 2470 1096 2514 dentatas
1137 2470 1303 2525 iligno
1334 2472 1522 2514 robore
1553 2470 1744 2514 clausit
1773 2476 1793 2523 Ι
1823 2473 2056 2516 venator,

351 2541 586 2596 pedicas:
658 2541 765 2585 haec
826 2541 1008 2597 pulchre
1067 2541 1334 2584 illustrantur
1394 2541 1491 2585 loco
1559 2541 2048 2598 Pseudoxenophonteo

353 2614 393 2657 9.
434 2614 476 2656 ll
524 2613 726 2653 ἵστανται
769 2610 811 2653 δὲ
855 2613 925 2652 καὶ
970 2611 1256 2666 ποδοστράβαι
1298 2611 1638 2670 („Fuszfallen”)
1678 2614 1772 2659 ταῖς
1811 2610 1977 2665 ἐλάφοις
2007 2615 2049 2656 ἐν

355 2691 440 2731 τοῖς
472 2683 579 2738 ὄρεσι
622 2684 718 2737 περὶ
749 2684 847 2730 τούς
879 2681 1086 2734 λειμῶνας
1120 2683 1190 2723 καὶ
1223 2684 1278 2724 τὰ
1310 2684 1457 2737 ῥεῖθρα
1488 2683 1559 2723 καὶ
1590 2683 1667 2730 τὰς
1699 2685 1840 2731 νάπας
1871 2685 1914 2724 ἐν
1955 2687 2050 2732 ταῖς

353 2753 507 2803 διόδοις
548 2756 618 2795 καὶ
655 2757 743 2801 τοῖς
782 2753 912 2807 ἔργοις
954 2755 1056 2806 πρὸς
1098 2754 1178 2794 δ.τι
1211 2755 1264 2797 ἂν
1297 2754 1457 2809 προσίῃ.
1493 2756 1566 2808 χρὴ
1598 2751 1641 2795 δὲ
1673 2749 1778 2794 εἶναι
1811 2755 1888 2801 τὰς
1918 2752 2048 2795 ποδο-

352 2826 537 2882 στράβας
577 2823 773 2879 σμίλακος
826 2823 1130 2878 πεπλεγμένας,
1172 2827 1227 2877 μὴ
1274 2823 1555 2878 περιφλοίους,
1599 2825 1674 2865 ἵνα
1713 2827 1768 2878 μὴ
1810 2824 2047 2877 σήπωνται,

352 2898 430 2944 τὰς
461 2895 503 2938 δὲ
534 2900 747 2950 στεφάνας
779 2893 1002 2943 εὐκύκλους
1032 2897 1204 2949 ἐχούσας
1235 2897 1304 2936 καὶ
1337 2898 1434 2943 τούς
1474 2894 1600 2948 ἥλους
1635 2893 1818 2944 ἐναλλὰξ
1856 2894 2047 2949 σιδηροῦς

355 2982 399 3008 τε
451 2969 520 3007 καὶ
571 2966 764 3016 ξυλίνους
804 2965 1277 3019 ἐγκαταπεπλεγμένους
1317 2968 1359 3010 ἐν
1415 2974 1475 3023 τῷ
1528 2964 1730 3021 πλοκάμῳ
1796 2965 1871 3024 (=
1910 2968 1955 3007 ἒν
1995 2970 2050 3020 τῇ

353 3037 582 3095 στεφάνῃ).
604 3070 613 3079 .
635 3072 644 3082 .
664 3040 738 3080 τὸν
770 3037 813 3079 δὲ
844 3039 992 3093 βρόχον
1024 3045 1098 3091 τῆς
1130 3036 1301 3091 σειρίδος
1334 3039 1406 3081 τὸν
1437 3039 1506 3079 ἐπὶ
1537 3039 1616 3090 τὴν
1648 3040 1862 3092 στεφάνην
1902 3038 2046 3078 ἐπιτε-

352 3110 584 3164 θησόμενον
626 3107 913 3162 πεπλεγμένον
956 3112 1145 3163 σπάρτου
1189 3110 1256 3149 καὶ
1298 3110 1434 3161 αὐτὴν
1476 3111 1554 3161 τὴν
1600 3106 1782 3161 σειρίδα·
1830 3109 1915 3149 ἐστι
1961 3109 2044 3160 γὰρ
