2210 3568
991 267 1073 312 119

77 443 87 461 .-
232 395 336 442 416.
394 394 804 452 Hipponiasque
851 397 1022 453 pices:
1068 399 1211 455 picem
1259 399 1475 446 Bruttiam
1522 400 1616 445 vult
1662 409 1804 458 poeta,
1835 402 1889 446 cf.

180 466 481 525 Pelagoniam
511 466 601 526 (ed.
634 466 729 512 Ihm
761 467 882 526 323.)
907 467 1031 525 picis
1062 468 1259 514 Brittiae
1289 470 1393 529 (sic)
1408 471 1546 522 <lib.>.
1567 469 1801 516 Ἱππώνιον
1825 482 1891 518 est

71 538 74 546 '
182 539 291 586 Vibo
325 537 536 585 Valentia
565 540 610 583 in
642 540 714 584 via
746 539 943 597 Popilia3
975 540 1031 585 de
1061 539 1202 585 littera
1232 553 1260 586 o
1281 552 1485 600 correpta
1502 542 1890 601 (Hipponiasque)

177 610 334 660 confer
376 609 698 656 Friedrichium
735 611 791 655 ad
840 609 1002 656 Catull.
1043 610 1116 655 64.
1148 611 1206 656 37
1243 621 1364 666 „<es>
1393 614 1448 658 ist
1479 614 1674 660 bekannt
1703 616 1789 660 wie
1819 615 1890 660 die

57 673 68 738 J
95 712 100 716 γ
170 682 358 731 antiken
389 680 576 728 Dichter
605 694 686 727 aus
716 681 913 727 Versnot
934 683 1011 727 mit
1033 682 1334 740 Eigennamen
1356 685 1621 743 umgehen'’,
1644 686 1699 731 cf.
1723 685 1887 732 Lucan.

55 803 74 812 ,,
173 753 228 801 11.
281 752 372 800 593
416 752 634 809 mollique
675 752 890 810 sophene
919 753 1154 812 (Σωφήνη),
1190 753 1282 799 Ον.
1315 754 1497 801 Metam.
1531 756 1630 802 XV.
1661 757 1750 803 708
1781 758 1890 802 Leu-

62 823 72 838 ”
165 824 348 873 coslam
393 824 668 884 (Λευκωσία),
710 823 787 870 Sil.
822 824 912 870 Ital.
947 824 1069 870 V111.
1100 826 1190 871 579
1220 826 1371 872 Marte
1404 826 1601 872 Ger-illae
1635 827 1887 889 (Κήριλλοι).

96 895 98 898 ’
232 907 508 942 amurcae:
554 895 714 941 sordes
760 896 861 952 olei,
908 897 1082 952 ἀμοργή,
1128 896 1183 942 cf.
1230 897 1414 953 ἀμέργω;
1461 898 1630 944 Plinius
1681 913 1887 946 amurcae

169 968 320 1014 varios
364 980 474 1013 usus
513 977 744 1013 enumerat
787 967 867 1024 (N.
904 967 965 1013 H.
1016 968 1116 1014 XV.
1149 968 1250 1027 33):
1285 981 1418 1026 super
1454 970 1613 1016 omnia
1642 983 1749 1016 vero
1778 973 1888 1017 cele-

164 1039 321 1086 bravit
360 1051 446 1086 am
461 1051 492 1085 u
506 1050 657 1085 rcam
696 1039 915 1084 laudibus
960 1038 1118 1085 Cato,
1167 1039 1306 1085 Dolia
1336 1041 1514 1086 olearia
1544 1041 1773 1098 cadosque
1805 1043 1886 1088 illa

169 1111 329 1166 imbui,
371 1123 430 1157 ne
460 1111 619 1156 bibant
651 1111 815 1156 oleum.
848 1122 1038 1156 amurca
1071 1111 1226 1168 subigi
1256 1123 1395 1156 areas
1423 1113 1628 1157 terendis
1658 1115 1886 1160 messibus

80 1215 83 1217 >
168 1186 220 1230 ut
238 1180 476 1242 'formicae
507 1183 745 1239 rimaeque
774 1182 941 1227 absint.
976 1182 1089 1239 quin
1118 1186 1165 1228 et
1194 1184 1341 1228 lutum
1367 1184 1600 1240 parietum
1620 1196 1676 1229 ac
1695 1185 1885 1231 tectoria

162 1259 215 1302 et
240 1255 513 1312 pavimenta
543 1255 810 1299 horreorum
831 1252 1078 1312 frumenti,
1110 1255 1380 1300 vestiarium
1411 1256 1552 1300 etiam
1582 1261 1740 1302 contra
1770 1261 1883 1302 iere·

167 1327 308 1373 dines
348 1338 406 1373 ac
445 1327 591 1372 noxia
633 1326 863 1372 animalia
903 1337 1093 1371 amurca
1124 1327 1334 1383 aspergi:
1363 1327 1545 1372 semina
1566 1326 1760 1389 frugum
1786 1341 1886 1385 per-

155 1397 311 1458 fundi
328 1413 340 1455 ;
359 1398 572 1448 morbis
603 1398 1066 1454 quadrupedum,
1088 1398 1302 1443 arborum
1323 1410 1516 1455 quoque,
1539 1399 1648 1444 illa
1670 1391 1883 1446 meden-

161 1470 311 1524 dum,
347 1469 534 1529 efficaci
563 1470 627 1515 ad
659 1470 813 1515 ulcera
842 1470 1063 1515 interiora
1095 1469 1289 1515 humani
1318 1482 1498 1526 quoque
1524 1470 1634 1515 oriS.

225 1613 329 1661 417.
381 1623 656 1658 summam
702 1612 1074 1667 complectitur
1103 1611 1246 1669 ignis
1275 1612 1330 1656 in
1363 1624 1552 1658 unam:
1582 1614 1695 1672 ignis
1724 1625 1882 1660 omnes

161 1686 378 1744 unguenti
408 1693 558 1743 partes
586 1685 643 1729 ita
674 1685 836 1741 coquit,
868 1693 915 1729 ut
945 1696 1034 1728 una
1064 1685 1232 1729 oriatur
1262 1697 1421 1729 massa.

225 1755 464 1801 miscuit.
484 1791 494 1800 .
513 1788 525 1800 .
544 1789 555 1799 .
610 1755 1006 1810 complectitur:
1053 1766 1243 1800 metrum
1290 1755 1404 1810 facit,
1451 1765 1497 1800 ut
1542 1765 1672 1814 poeta
1703 1757 1879 1802 diversa

166 1827 371 1873 adhibeat
402 1836 618 1885 tempora,
649 1826 705 1872 cf.
737 1826 809 1871 45.
846 1825 967 1872 Cum
1000 1836 1154 1872 nostro
1185 1827 1286 1872 loco
1313 1827 1567 1872 conferatur
1585 1827 1880 1874 Nemesianus

160 1898 258 1944 226
291 1899 648 1955 admiscensque
677 1898 759 1943 diu
780 1897 941 1955 facies
971 1909 1258 1944 concrescere
1288 1901 1541 1955 utrumque.

226 2041 331 2087 418.
375 2041 502 2087 inde
532 2042 725 2086 lavant
755 2052 973 2098 aegros:
1009 2041 1106 2096 ,die
1140 2041 1430 2100 Hauptsache
1461 2043 1531 2088 bei
1561 2043 1643 2088 der
1672 2042 1877 2088 Behand-

162 2113 274 2170 iung
320 2113 492 2158 besteht
538 2113 663 2158 darin
696 2113 802 2158 dasz
833 2114 904 2158 die
938 2113 1134 2158 Krusten
1166 2113 1257 2158 und
1290 2113 1477 2158 Borken
1507 2113 1586 2158 aui
1611 2114 1690 2159 der
1721 2115 1876 2160 raude-

162 2184 372 2230 kranken
422 2183 545 2229 Haut
591 2185 704 2229 nach
753 2184 1030 2242 Entfernung
1075 2185 1155 2229 der
1203 2184 1356 2229 Haare
1393 2184 1533 2230 durch
1565 2184 1876 2232 Schmierseife

158 2254 455 2314 aufgeweicht
502 2256 684 2301 werden
729 2256 820 2300 und
867 2256 1042 2300 hierauf
1083 2257 1154 2301 die
1201 2256 1519 2301 Raudemilben
1566 2257 1706 2302 durch
1738 2258 1877 2303 Peru-

41 2343 43 2347 ·
91 2364 94 2368 .
162 2327 346 2383 balsam,
379 2326 551 2372 Benzin
585 2327 696 2372 oder
730 2327 927 2372 Kreosot
951 2327 1044 2387 (mit
1069 2318 1130 2373 Ol
1146 2327 1393 2386 gemischt)‚
1411 2327 1528 2373 Teer
1545 2329 1640 2384 (mit
1656 2328 1877 2374 Schmier-

157 2398 272 2444 seife
333 2399 424 2443 und
487 2397 677 2456 Spiritus
723 2399 971 2457 gemischt),
1018 2399 1159 2444 durch
1201 2399 1640 2457 TabaKabkochung,
1674 2399 1876 2446 Kreolin-

166 2482 336 2516 wasser
351 2470 463 2516 oder
482 2469 865 2515 Kreolinliniment
881 2472 974 2524 (mit
994 2470 1185 2528 Spiritus
1212 2471 1302 2515 und
1319 2470 1456 2530 Seife)
1470 2473 1632 2529 getiitet
1649 2472 1873 2517 werden.”

163 2541 445 2597 Brockhaus‚
519 2541 644 2587 1908.
726 2540 887 2588 Genus
938 2544 1069 2601 igitur
1120 2543 1438 2587 medicinarum
1489 2552 1643 2589 nostro
1698 2555 1874 2601 quoque

41 2599 62 2647 4
152 2622 358 2672 tempore
389 2613 505 2659 idem
538 2615 709 2658 mansit.

219 2686 332 2730 ast:
379 2685 649 2731 vocabulum
697 2695 957 2743 corruptum
1005 2686 1213 2742 videtur,
1251 2686 1409 2731 Aldina
1440 2687 1596 2731 edebat
1639 2690 1723 2742 est,
1754 2686 1872 2743 quod

153 2767 225 2803 eet
270 2757 572 2813 durissimum,
618 2757 774 2802 melius
820 2769 921 2802 cum
970 2756 1153 2802 Barthio
1200 2759 1368 2802 scribes
1398 2761 1550 2814 atque,
1582 2758 1701 2815 quod
1732 2758 1872 2814 magis

162 2829 326 2874 arridet
383 2841 515 2886 quam
572 2829 787 2874 Vollmeri
842 2830 1096 2874 coniectura
1150 2829 1232 2874 sic.
1280 2829 1408 2874 Tunc
1454 2832 1570 2874 enim
1616 2838 1870 2885 exspectem

159 2911 373 2957 praesens
404 2904 646 2956 coercetur,
676 2912 766 2945 non
799 2900 1042 2957 perfectum
1073 2901 1283 2946 coercita.

221 3042 325 3087 419.
357 3054 494 3098 quae
525 3044 580 3088 te
611 3055 680 3088 ne
711 3054 838 3087 cura
869 3044 1149 3089 timentem
1181 3050 1201 3097 Ι
1232 3043 1466 3087 differat:
1497 3043 1550 3087 et
1581 3042 1795 3097 pluvias
1814 3045 1870 3089 et

163 3112 327 3159 Cauri
372 3113 572 3170 frigora
617 3115 812 3166 vitent:
859 3127 915 3159 ne
962 3125 1106 3160 tamen
1141 3116 1248 3160 haec
1280 3116 1447 3160 curatio
1478 3124 1521 3158 te
1551 3115 1755 3163 <canibus
1786 3116 1870 3159 tuis

164 3186 338 3243 aegris>
367 3187 591 3230 timentem
622 3187 783 3231 diutius
815 3196 1013 3231 moretur
1044 3189 1113 3232 i.e.
1148 3200 1203 3232 ne
1226 3188 1409 3231 morbus
1429 3186 1560 3230 nimis
1580 3185 1653 3229 diu
1669 3186 1869 3231 animalia
