2210 3568
338 294 349 323 k

1194 266 1276 310 140

382 396 628 475 Oceanum,
678 398 750 441 ubi
796 409 913 441 nunc
964 395 1147 441 Gallicia
1200 407 1265 442 est
1316 406 1358 441 et
1407 397 1611 454 superior
1647 396 1924 454 portugaliae
1960 409 2075 455 pars.

403 468 578 513 Etiam
620 467 751 512 Silius
799 466 970 511 Italicus
1016 468 1100 512 hos
1146 480 1286 524 equos
1332 467 1490 522 laudat,
1535 466 1588 512 cf.
1638 466 1791 512 Punic.
1823 466 1942 512 XVI
1987 466 2077 512 333

308 546 309 549 ’
378 527 530 582 evolat
575 541 685 582 ante
729 538 889 582 omnes
935 538 1187 594 rapidoque
1222 550 1306 594 per
1335 549 1446 582 aera
1477 549 1613 582 cursu
1658 541 1678 592 s
1726 526 2077 583 Callaicas

365 607 585 664 Lampon
605 607 749 665 fugit,
782 596 920 664 atque
952 609 1158 665 ingentia
1188 613 1344 653 tranat
1373 613 1393 662 s
1415 609 1655 652 exsultans
1673 608 1831 664 spatia
1852 612 1897 653 et
1915 608 2077 654 ventos

368 675 481 734 past
531 683 660 735 terga
711 678 904 740 reliquit.
959 679 1168 725 Fortasse
1214 680 1331 736 apud
1383 689 1582 724 nostrum
1635 692 1810 736 quoque
1858 678 2075 724 Callaicis

377 750 671 805 scribendum,
705 750 792 794 vid.
825 762 1076 795 excursum.
1144 752 1148 774 ³

437 820 665 876 Pyrene·
702 821 890 876 Πυρήνη,
923 831 1095 866 montes
1128 821 1363 878 Pyrenaei,
1396 821 1449 866 cf.
1483 820 1687 866 Strabon.
1728 820 1821 866 127.

435 959 536 1004 515.
569 959 680 1017 Equi
713 948 917 1015 Hispani
947 960 1106 1005 tamen
1125 960 1214 1005 non
1247 960 1373 1004 utiles
1405 969 1506 1005 sunt
1537 961 1579 1004 in
1611 959 1719 1004 locis
1748 962 1987 1018 scruposis.

435 1100 536 1144 515.
572 1100 818 1157 Quomodo
865 1101 934 1145 hic
981 1114 1139 1146 versus
1185 1103 1227 1145 in
1275 1101 1360 1146 fine
1406 1102 1642 1146 lacunosus
1686 1102 1958 1159 supplendus
2007 1103 2077 1158 sit,

367 1172 610 1226 -incertum3
655 1171 811 1215 collato
854 1184 988 1216 versu
1031 1172 1119 1216 506
1149 1173 1404 1228 durumque
1434 1173 1659 1217 lacessere
1691 1176 1883 1217 martem
1912 1173 2078 1218 dixeris

365 1243 500 1286 'vocis
537 1245 727 1285 martem
759 1243 981 1299 epitheton
1013 1243 1268 1297 desiderari,
1301 1243 1428 1299 quale
1461 1243 1721 1299 molestum;
1753 1244 1833 1289 sed
1864 1231 2078 1290 ablativus

379 1311 591 1368 Hispano
621 1312 696 1370 (=
728 1314 771 1357 in
804 1326 919 1370 equo
955 1313 1033 1371 H.)
1060 1314 1177 1358 nude
1198 1315 1366 1370 positus
1390 1316 1466 1358 vix
1488 1314 1698 1371 explicam
1714 1324 1872 1372 potest
1888 1311 2078 1372 praestat

367 1384 505 1440 -igitur
537 1396 637 1428 cum
671 1385 768 1445 viro
799 1385 930 1429 docto
965 1384 1025 1428 H.
1058 1383 1256 1429 Schenkl
1288 1385 1501 1430 ministro
1531 1386 1752 1442 supplere.
2057 1403 2061 1406 ·

434 1525 534 1569 516.
568 1525 885 1569 muricibus:
920 1539 1011 1570 vox
1043 1538 1201 1571 murex
1233 1527 1407 1571 duobus
1439 1527 1582 1571 modis
1613 1528 1751 1584 accipi
1782 1536 1925 1584 potest
1962 1527 1974 1570 l
2019 1546 2075 1563 =

377 1605 552 1640 acutum
597 1609 769 1651 saxum,
802 1596 856 1641 cf.
884 1596 1024 1653 Verg.
1058 1590 1169 1641 Aen.
1204 1597 1259 1641 V.
1291 1596 1379 1641 205
1405 1600 1451 1640 et
1474 1599 1609 1641 acuto
1636 1596 1684 1641 in
1715 1597 1935 1642 murice
1965 1596 2079 1642 remi

377 1667 575 1720 [obnixi
604 1679 829 1722 crepuere,
862 1667 1076 1723 illisaque
1102 1679 1244 1723 prora
1270 1668 1492 1722 pependit
1520 1671 1551 1711 2
1582 1688 1638 1705 =
1670 1667 1844 1713 frenum
1877 1668 2075 1725 asperius

377 1738 738 1794 acuminibusque
814 1740 1085 1793 instructum,
1148 1738 1202 1783 cf.
1252 1737 1356 1783 Stat.
1405 1737 1545 1783 Achil.
1595 1738 1627 1783 Ι.
1674 1738 1754 1782 221
1809 1738 1938 1783 elicit'
1971 1737 2077 1782 inde

367 1807 512 1865 fretis
542 1812 588 1852 et
618 1809 834 1853 murice
856 1806 1023 1865 frenat
1053 1812 1188 1853 acuto
1219 1813 1239 1863 s
1270 1809 1516 1864 delphinas
1541 1809 1735 1864 biiugos.

436 1878 483 1923 Si
515 1888 667 1924 nostro
699 1881 797 1924 loco
826 1880 1087 1924 vocabulum
1111 1879 1358 1923 muricibus
1378 1879 1585 1924 frenum
1608 1881 1958 1936 interpretamur,
1975 1891 2075 1924 cum

374 1949 441 1994 H.
485 1949 738 2006 Schenklio‚
780 1963 835 1995 zu
871 1948 1083 2004 Grattius,
1116 1963 1158 2007 p.
1191 1950 1292 2004 420,
1316 1948 1491 2006 ferreis
1521 1950 1831 2007 supplendum,
1862 1950 2078 2006 synizesis

367 2026 520 2064 'tamen
578 2021 693 2077 apud
754 2019 990 2075 Grattium,
1044 2021 1140 2065 licet
1188 2020 1423 2077 Vergilius,
1466 2021 1720 2077 exemplum
1766 2021 1874 2075 eius,
1917 2028 2090 2074 utatur,

367 2078 591 2148 *nusquam
623 2092 857 2145 invenitur,
889 2101 1117 2148 praeterea
1148 2091 1264 2148 apud
1297 2090 1480 2135 Statium
1512 2103 1661 2135 sermo
1692 2100 1757 2135 est
1789 2091 1843 2135 de
1871 2090 1998 2135 freno
2019 2102 2077 2134 ex

377 2162 616 2206 muricibus
676 2162 891 2216 confecto,
938 2174 1027 2219 quo
1071 2160 1222 2206 Thetis
1268 2162 1508 2217 delphines
1553 2162 1774 2206 l'renatura
1825 2171 1914 2216 est;
1961 2161 2076 2205 malo

375 2234 505 2290 igitur
546 2231 785 2276 Sannazari
826 2245 933 2276 usus
971 2233 1279 2289 supplemento
1322 2233 1568 2277 muricibus
1605 2245 1688 2289 pro
1727 2232 1860 2276 saxis
1891 2232 2076 2286 habere3

366 2308 450 2348 'res
510 2304 639 2359 igitur
685 2304 812 2347 nobis
853 2315 952 2347 cum
1000 2303 1189 2347 ablativo
1236 2304 1334 2359 loci,
1383 2313 1482 2348 ante
1528 2316 1659 2360 quem
1707 2304 2076 2360 praepositionem

376 2376 573 2418 inserere
605 2385 694 2417 non
726 2375 1022 2418 necessarium
1054 2384 1133 2428 est,
1165 2373 1219 2418 cf.
1254 2386 1319 2419 vs.
1359 2374 1441 2418 120
1470 2374 1605 2418 silva.

978 2515 1020 2558 6.
1083 2515 1203 2571 Equi
1235 2515 1465 2573 Africani.

437 2657 536 2701 517.
599 2656 993 2706 Nasam<onia>2
1049 2657 1341 2712 Nasamones,
1381 2660 1661 2711 Νασαμῶνες,
1692 2669 1802 2714 gens
1836 2645 2012 2712 Libyca'
2031 2656 2074 2698 in

378 2728 746 2784 parte.orientali
792 2727 936 2784 Syrtis
984 2729 1174 2782 maioris,
1221 2728 1274 2772 cf.
1327 2727 1504 2775 Herod.v
1542 2728 1595 2772 ll.
1642 2727 1771 2791 52]3;
1820 2726 1896 2771 IV.
1947 2725 2076 2780 172s3

380 2798 499 2855 Scyl.
533 2800 685 2856 peripl.
719 2798 799 2854 473
834 2797 991 2843 Strabo
1030 2798 1132 2853 1323
1166 2799 1277 2845 Plin.
1312 2798 1369 2844 N.
1407 2799 1466 2844 H.
1501 2799 1556 2843 V.
1588 2798 1659 2853 53,
1693 2798 1880 2854 Dionys.
1903 2797 2074 2853 Perieg.

377 2869 466 2913 208
511 2882 607 2927 sqq.
655 2869 820 2914 Lucan.
870 2868 927 2912 lX
976 2868 1087 2912 438:
1136 2870 1220 2912 hoc
1265 2874 1360 2913 tam
1406 2881 1548 2925 segne
1577 2870 1727 2914 solum
1758 2879 1890 2913 raras
1919 2871 2074 2912 tamen

379 2941 549 2984 exserit
594 2941 758 2984 herbas
788 2945 807 2993 s
839 2951 955 2995 quas
1004 2940 1257 2994 Nasamon,
1296 2951 1412 2995 gens
1453 2940 1582 2995 dura,
1615 2939 1726 2995 legit
1756 2939 1835 2995 qui
1860 2938 2074 2994 proxima

375 3014 519 3065 ponto
549 3014 568 3065 s
599 3012 751 3055 nudus
792 3022 899 3054 rura
931 3014 1065 3064 tenet,
1099 3022 1231 3065 quem
1264 3011 1423 3055 mundi
1455 3010 1649 3055 barbara
1680 3010 1864 3054 damnis
1883 3014 1903 3062 s
1923 3008 2074 3064 Syrtis
2117 3023 2120 3028 ·

379 3080 482 3135 alit;
514 3082 739 3137 quomodo
772 3094 941 3133 versus,
975 3081 1099 3125 cuius
1130 3080 1226 3124 finis
1258 3082 1379 3126 deest
1410 3083 1453 3125 in
1472 3082 1636 3136 codice,
1659 3079 1930 3138 supplendus
1944 3087 2073 3132 esset,

381 3152 526 3196 docuit
558 3152 716 3197 Vlitius
747 3153 903 3197 collato
937 3151 1116 3196 Lucano
1149 3151 1224 3196 IV.
1258 3151 1346 3196 683
1376 3156 1422 3196 et
1447 3164 1563 3208 gens
1594 3163 1712 3207 quae
1727 3151 1850 3195 nudo
1867 3149 2073 3194 residens
