2210 3568
1008 264 1090 309 139

185 395 190 400 ’
251 395 491 442 Parthist
537 395 594 440 cf.
629 394 794 450 Keller,
828 395 899 440 die
932 395 1080 440 antike
1113 394 1321 442 Tierwelt
1355 396 1387 451 l,
1421 409 1463 454 p.
1494 396 1582 442 227
1619 397 1715 450 „die
1746 397 1909 454 parthi-

189 467 328 514 schen
375 466 539 513 Pserde
584 478 736 511 waren
782 466 1072 525 langhaarig,
1094 467 1238 522 rasch,
1271 469 1408 526 mutig
1439 469 1530 513 und
1561 469 1666 514 sehr
1697 468 1907 526 gelehrig.

190 537 270 591 So,
301 537 620 585 unansehnlich
666 538 731 582 sie
763 550 929 592 waren,
962 550 1019 582 an
1051 536 1366 596 Schnelligkeit
1397 539 1488 584 und
1520 539 1756 585 Ausdaucr
1781 540 1912 584 iiber-

190 611 332 657 trafen
377 610 449 656 die
493 608 785 667 skythischen
835 608 981 653 Rosse
1025 608 1097 653 die
1129 610 1282 654 besten
1317 608 1716 668 Griechenpferde.
1751 609 1911 656 Kaiser

192 681 370 738 Probus
414 682 640 727 erbeutete
685 681 823 735 eineS,
871 681 950 724 das
996 679 1146 724 8-10
1193 679 1315 738 Tage
1363 681 1719 727 hintereinander
1749 685 1790 739 je
1827 681 1909 726 100

193 752 359 799 Meilen
405 752 705 809 zuriicklegen
753 751 975 807 konnte”;
1025 752 1128 797 vide
1175 764 1288 809 quae
1329 765 1387 797 ex
1420 752 1596 797 Arriani
1631 752 1909 811 Cynegetico

189 823 262 869 23.
294 823 337 869 2.
369 823 400 868 3
429 824 560 869 citavi
591 823 647 868 ad
679 835 746 867 vs.
779 821 880 867 502.
913 891 922 899 „

250 966 353 1013 509.
385 966 598 1012 veniat:
629 987 689 1003 =
719 968 755 1011 si
789 968 961 1022 veniat;
996 978 1216 1011 numerus
1247 976 1453 1022 mutatur,
1485 967 1539 1012 cf.
1571 980 1706 1024 supra
1723 981 1790 1013 vs.
1807 967 1910 1013 378.

251 1038 439 1084 veniat
480 1049 639 1083 saxa:
673 1058 728 1076 =
762 1039 910 1083 veniat
958 1039 1014 1082 ad
1045 1051 1169 1094 saxa,
1201 1038 1255 1084 cf.
1293 1037 1495 1084 Grattius
1533 1039 1614 1084 174
1647 1039 1758 1095 quid
1779 1038 1912 1096 freta

190 1110 238 1155 si
267 1110 501 1155 Morinum
531 1110 672 1155 dubio
703 1110 952 1167 refluentia
979 1113 1126 1166 ponto
1157 1115 1176 1164 l
1207 1110 1402 1155 veneris.

249 1179 513 1227 Taburni:
565 1181 817 1234 Taburnus,
864 1181 1033 1227 Samnii
1066 1194 1209 1236 mom,
1242 1183 1317 1239 qui
1349 1195 1466 1227 nunc
1502 1182 1677 1228 Tabam
1713 1193 1912 1238 vocatur,

191 1252 248 1298 cf.
290 1251 428 1310 Verg.
463 1251 635 1310 Georg.
671 1253 723 1297 11.
758 1253 816 1298 38
848 1253 977 1297 iuvat
1016 1253 1198 1298 Ismara
1235 1253 1417 1298 Baccho
1449 1258 1468 1309 l
1500 1265 1739 1299 conserere
1774 1258 1913 1311 atque

190 1324 299 1370 olea
343 1335 563 1381 magnum
608 1325 779 1370 vestire
833 1325 1099 1369 Taburnum
1147 1326 1220 1369 ubi
1252 1324 1439 1370 Servius
1481 1326 1658 1370 adnotat
1694 1339 1800 1383 „per
1830 1327 1913 1371 hos

193 1405 385 1442 montes
411 1395 624 1455 significat
669 1398 801 1442 etiam
849 1405 1085 1441 montuosa
1129 1406 1172 1441 et
1202 1408 1373 1452 aspera
1404 1397 1500 1441 loca
1532 1397 1738 1442 tentanda
1769 1398 1911 1442 esse”.
1956 1431 1959 1433 .

195 1465 591 1513 Commemoratur
622 1480 752 1513 mons
789 1467 1028 1512 Taburnus
1060 1470 1190 1513 etiam
1224 1468 1336 1513 Aen.
1371 1467 1466 1512 Xll.
1500 1468 1603 1512 715.

251 1610 353 1656 510.
386 1609 796 1668 Garganumve:
831 1610 1085 1668 Garganus,
1119 1611 1305 1669 Apuliae
1337 1624 1468 1671 mons
1499 1624 1643 1669 asper,
1677 1613 1751 1669 qui
1783 1612 1913 1656 hodie

193 1682 438 1740 appellatur
483 1687 638 1728 monte
678 1683 728 1727 di
760 1682 807 1728 S.
842 1682 1031 1739 Angelo,
1066 1682 1120 1728 cf.
1159 1683 1319 1730 Horat.
1351 1696 1486 1728 carm.
1522 1683 1575 1727 11.
1607 1683 1649 1727 9.
1683 1683 1711 1727 7
1742 1684 1916 1738 aquilo-

192 1753 330 1798 nibus
358 1759 378 1810 s
408 1758 659 1811 querqueta
693 1754 899 1811 Gargani
929 1755 1153 1799 laborant.

251 1897 353 1942 511.
385 1899 516 1943 ante
548 1910 707 1953 opus:
741 1908 841 1943 ante
873 1910 988 1955 opus
1020 1899 1212 1943 venandi
1245 1898 1505 1955 perfectum.

177 2004 179 2007 .
251 1969 516 2014 excussis:
547 1982 610 2015 sc.
643 1971 756 2014 inter
786 1970 946 2014 silices.
983 1968 1167 2027 Operae
1200 1971 1389 2027 pretium
1422 1980 1488 2014 est
1528 1970 1757 2026 Vegetium
1783 1971 1916 2014 citare

191 2039 458 2099 (Mulomed.
500 2041 533 2086 1.
575 2041 646 2086 56.
686 2041 777 2098 38),
820 2043 893 2098 qui
933 2051 1095 2097 narrat,
1128 2042 1356 2098 quomodo
1389 2043 1490 2099 equi
1525 2041 1676 2086 Parthi
1709 2053 1789 2098 per
1821 2041 1915 2085 loca

193 2124 352 2170 aspera
382 2122 425 2157 et
456 2125 619 2158 saxosa
651 2114 796 2170 agitati
829 2126 962 2158 crura
994 2113 1122 2158 altius
1153 2113 1307 2158 tollere
1323 2122 1365 2159 et
1388 2113 1576 2157 molliter
1598 2113 1701 2158 vehi
1723 2113 1913 2157 discant:

195 2183 246 2228 in
275 2195 366 2240 quo
395 2184 553 2240 spatio
587 2185 800 2241 (silicibus
822 2185 1004 2243 aspero)
1025 2196 1128 2229 cum
1148 2196 1295 2240 equus
1307 2183 1695 2241 frequentissime
1715 2183 1916 2227 exerceri

193 2255 407 2312 coeperit,
441 2255 491 2300 in
521 2255 626 2300 illos
657 2256 847 2316 aulaces
889 2256 1155 2301 necessario
1188 2259 1234 2300 et
1260 2256 1442 2312 priores
1473 2256 1674 2312 ungulas
1704 2258 1751 2299 et
1766 2259 1916 2310 poste-

192 2327 342 2371 riores
373 2327 600 2384 impingit,
632 2331 679 2372 et
708 2328 963 2384 aliquando
994 2328 1067 2372 vel
1097 2328 1224 2372 cadit
1253 2328 1326 2372 vel
1355 2327 1424 2372 sic
1445 2327 1656 2384 offendit,
1681 2330 1732 2371 ut
1752 2326 1915 2371 cadere

195 2398 420 2444 videatur.

259 2469 346 2515 Hic
378 2471 503 2516 locus
533 2484 635 2516 cum
672 2470 850 2516 Grattio
882 2481 1166 2529 comparatus
1198 2472 1328 2516 docet
1361 2481 1562 2515 naturam
1594 2472 1719 2527 equis
1742 2469 1916 2513 Parthis

194 2542 379 2600 ungulas
412 2555 568 2600 parum
600 2543 764 2588 solidas
796 2543 985 2588 dedisse.

254 2685 356 2730 513.
390 2686 547 2732 deus:
582 2689 629 2728 τὸ
664 2687 799 2730 Θεῒον.

813 2831 854 2875 5.
919 2830 1040 2886 Equi
1084 2829 1298 2875 Callaeci.

255 2973 358 3018 514.
423 2972 627 3019 Callaeci
667 2983 820 3018 contra
863 2974 965 3030 equi
1000 2975 1132 3019 etiam
1164 2975 1207 3018 in
1250 2974 1358 3018 locis
1400 2971 1677 3028 confragosis
1718 2970 1916 3015 adhiberi

196 3053 395 3100 possunt.

259 3113 543 3161 Callaecis:
593 3115 880 3158 Καλλαικοὶ
925 3115 1104 3173 (Strabo
1158 3116 1272 3170 152.)
1321 3114 1529 3168 Callaeci,
1577 3113 1767 3170 populus
1811 3111 1916 3157 His-

198 3187 354 3243 paniae
401 3186 751 3233 Tarraconensis
798 3189 911 3233 inter
960 3187 1151 3232 Durium
1203 3198 1246 3233 et
1301 3186 1489 3230 Minium
1543 3184 1721 3228 flumina
1775 3196 1915 3241 prope
