2210 3568
1200 228 1258 272 62

393 362 487 414 „ein
518 360 656 404 feiner
690 359 919 414 Leithund,
952 371 1006 402 an
1038 359 1138 403 dem
1171 371 1270 402 man
1301 358 1441 402 Feuer
1463 358 1552 402 und
1579 357 1885 403 Geruchssinn
1908 359 2081 406 rfihmte

388 430 467 475 der
499 432 603 475 aber
635 443 688 474 an
723 429 820 474 Mut
853 442 941 474 von
974 430 1166 474 anderen
1202 429 1370 474 Rassen
1403 430 1445 472 in
1479 427 1684 473 Schatten
1717 429 1884 485 gestellt
1915 430 2081 486 wurde.

388 500 662 546 Vermutlich
704 502 740 544 is
765 504 820 545 er
852 500 1094 557 abgebildet
1127 500 1203 544 auf
1231 500 1310 544 der
1343 499 1768 556 Aes-grave-Miinze
1804 511 1891 545 von
1927 499 2083 546 Hatria

388 573 430 615 in
464 571 705 616 Picenum”
737 571 1089 629 (Beschreibung
1121 572 1162 615 d.
1197 571 1361 615 Berlin.
1395 571 1529 614 antik.
1564 569 1758 614 Miinzen
1783 569 1857 614 111.
1887 571 1901 614 1
1931 569 2082 630 [1894]

388 655 429 699 p.
469 642 558 699 13);
583 643 712 686 etiam
746 641 966 699 Vergilius
997 643 1116 687 canis
1154 641 1308 687 Umbri
1338 642 1605 700 mentionem
1637 640 1736 685 facit
1768 641 1822 685 cf.
1856 639 1966 686 Aen.
1999 641 2082 686 XII

387 713 465 757 751
489 716 679 757 venator
694 724 829 757 cursu
846 713 976 757 canis
996 717 1039 757 et
1056 713 1299 757 latratibus
1318 713 1459 757 instat
1469 716 1488 765 s
1501 712 1576 756 ille
1594 710 1789 770 (cervus)
1804 715 1959 757 autem
1976 711 2084 757 inst-

387 783 480 827 diis
510 787 556 827 et
583 783 687 839 ripa
717 783 902 828 territus
932 784 1029 828 alta
1048 786 1066 837 l
1088 784 1210 828 mille
1232 782 1362 839 fugit
1391 782 1651 839 refugitque
1671 782 1802 836 vias;
1830 785 1881 827 at
1899 782 2084 828 vividus
2198 818 2205 843 ξ

391 854 555 899 Umber
575 858 604 909 7
635 855 792 899 haeret
821 855 959 899 hians
1007 854 1101 899 iam
1147 854 1330 910 iamque
1378 857 1502 898 tenet
1546 853 1807 909 similisque
1847 853 2022 898 tenenti
2062 853 2083 906 Ι
2188 854 2205 902 i

388 925 609 981 increpuit
654 925 792 970 malis
838 937 1081 981 morsuque
1126 925 1284 969 elusus
1329 924 1461 969 inani
1508 927 1590 968 est.
1642 922 1716 968 Sil.
1766 923 1855 969 Ital.
1891 923 1965 972 111.
1995 922 2084 968 294
2208 916 2210 918 ’

387 1007 468 1039 ceu
495 996 660 1051 pernix
689 1007 792 1040 cum
821 997 967 1040 densa
996 995 1130 1052 vagis
1165 995 1408 1039 latratibus
1441 995 1598 1050 implet
1627 998 1647 1049 s
1677 997 1869 1039 venator
1897 994 2084 1039 dumeta

389 1067 540 1112 Lacon
569 1070 653 1112 aut
680 1067 824 1123 exigit
859 1068 1022 1113 Umber
1036 1073 1055 1121 s
1071 1078 1183 1111 nare
1213 1078 1363 1122 sagax
1391 1078 1417 1110 e
1448 1067 1562 1110 calle
1585 1065 1735 1122 feras.

297 1279 302 1290 ³
387 1281 504 1324 idem
536 1280 751 1324 adversos
781 1279 902 1337 fugit,
934 1280 987 1325 cf.
1020 1284 1070 1324 at
1100 1279 1310 1347 clangore
1342 1279 1455 1323 citat
1483 1290 1599 1334 quos
1633 1279 1834 1324 nondum
1864 1276 2085 1334 conspicit

389 1362 608 1466 apirggrn:
641 1421 694 1466 cf.
729 1421 863 1478 Verg.
898 1421 1008 1466 Aen.
1045 1421 1117 1465 111.
1158 1421 1251 1466 157.
1292 1421 1373 1465 158
1412 1433 1517 1466 nos
1547 1421 1773 1465 tumidum
1803 1420 1888 1464 sub
1919 1423 1963 1464 te
1988 1421 2088 1476 per-

391 1492 539 1537 mensi
593 1492 820 1536 classibus
865 1504 1049 1548 aequor,
1080 1497 1099 1547 s
1146 1493 1293 1537 idem
1344 1496 1560 1537 venturos
1604 1492 1817 1536 tollemus
1864 1491 1912 1536 in
1956 1494 2085 1535 astra

391 1566 592 1619 nepotes.

448 1635 729 1680 adversos:
760 1646 861 1679 cum
893 1634 1012 1679 ferae
1043 1646 1145 1679 eum
1178 1617 1501 1692 adgrediuntur.

2200 1114 2210 1154 i

454 1208 547 1254 171.
612 1209 865 1253 Verborum
912 1209 1024 1254 ordo
1070 1219 1135 1253 est
1183 1209 1275 1253 hie:
1329 1208 1499 1253 Umber
1529 1220 1643 1264 quos
1690 1208 1839 1252 hostes
1878 1207 2084 1265 repperit,
2172 1246 2174 1249 .
2189 1146 2210 1310 ἒ

2200 1333 2210 1395 i

2200 1477 2210 1535 ἐ

2202 1574 2210 1606 f

456 1775 549 1821 172.
611 1774 767 1820 fides:
798 1776 1015 1830 coniunge
1045 1786 1145 1819 cum
1178 1747 1318 1819 naris

456 1918 550 1963 173.
612 1917 797 1962 vellet:
829 1917 1016 1961 arderet.

456 2059 548 2103 174.
610 2058 770 2104 freta:
802 2058 857 2103 ad
888 2058 1011 2113 freta,
1045 2059 1098 2103 cf.
1133 2058 1265 2115 Verg.
1301 2058 1408 2103 Aen.
1436 2058 1465 2102 1.
1489 2058 1517 2101 2
1543 2058 1889 2113 Lavinaque...
1920 2057 2049 2102 venit
2067 2048 2087 2110 l

392 2131 541 2185 litora,
576 2130 613 2173 11
645 2129 732 2174 742
763 2130 1066 2173 tumulum...
1106 2129 1327 2173 venimus.
2055 2131 2058 2134 ’

451 2201 737 2245 Morinum:
798 2213 906 2257 gens
954 2199 1121 2244 Celtica
1168 2202 1210 2243 in
1262 2199 1405 2244 Gallia
1454 2200 1630 2257 Belgica
1682 2202 1794 2244 inter
1855 2199 2088 2256 Menapios

395 2272 589 2317 Nervios
635 2271 966 2327 Atrebatesque,
1013 2273 1055 2315 in
1101 2283 1153 2315 ea
1200 2281 1323 2327 parte
1360 2270 1543 2326 Galliae,
1576 2272 1694 2316 unde
1726 2272 2013 2315 brevissimus
2044 2271 2086 2313 in

394 2344 665 2387 Britanniam
697 2344 923 2396 traiectus;
956 2355 979 2385 a
1016 2341 1212 2386 Caesare
1243 2342 1405 2386 domita
1438 2354 1553 2386 anno
1586 2342 1655 2386 57.
1689 2341 1773 2396 56;
1806 2350 1957 2398 postea
1988 2353 2089 2385 con-

393 2423 459 2458 tra
506 2413 733 2458 Romanos
778 2421 1099 2469 pugnaverunt,
1132 2413 1235 2456 dum
1268 2425 1384 2457 anno
1414 2412 1473 2456 29
1505 2426 1541 2457 a.
1578 2411 1687 2457 Chr.
1720 2427 1762 2457 n.
1796 2425 1821 2457 a
1856 2410 2087 2457 Carrinate

393 2486 532 2541 pacati
563 2493 686 2538 sunt;
719 2483 771 2527 cl'.
809 2482 940 2527 Caes.
975 2483 1028 2526 B.
1067 2482 1124 2528 G.
1161 2483 1234 2527 111.
1268 2483 1350 2538 283
1385 2483 1460 2527 IV.
1494 2483 1565 2527 21.

450 2554 668 2600 freta...
723 2554 879 2598 dubio
926 2554 1205 2598 refluentia
1251 2556 1440 2608 ponto:
1487 2554 1540 2599 cf.
1591 2554 1758 2599 Auson.
1809 2553 1994 2598 Mosella
2030 2552 2088 2596 32

395 2625 517 2671 bivio
551 2625 724 2683 refluus
755 2625 1005 2669 munimine
1032 2628 1228 2679 pontus;
1257 2625 1437 2669 dubius
1455 2635 1614 2682 pontus
1645 2625 1729 2669 hoc
1759 2625 1858 2669 loco
1891 2633 2087 2675 vocatur,

396 2690 615 2754 quoniam'
647 2709 870 2752 nunquam
903 2697 1079 2739 -stabilis
1125 2705 1203 2748 est,
1249 2696 1326 2740 sed
1368 2697 1502 2740 modo
1521 2696 1641 2748 .huo‚
1672 2696 1806 2739 modo
1837 2695 1934 2739 illuc
1966 2703 2087 2738 aestu

396 2780 478 2812 suo
510 2769 661 2825 agitur.

462 2909 555 2954 175.
618 2908 930 2953 Britannos:
961 2910 1079 2951 canis
1099 2907 1335 2952 Britannus
1352 2908 1526 2965 saepius
1541 2908 1804 2958 nominatur,
1820 2906 1873 2950 cf.
1896 2905 2086 2962 Oppian.

401 2981 432 3034 1,
479 2980 567 3025 470
613 2993 706 3037 sqq.
757 2979 844 3020 ἔστι
883 2978 926 3020 δέ
965 2996 1003 3019 τι
1035 2977 1253 3021 σκυλάκων
1284 2978 1398 3030 γένος
1431 2977 1604 3032 ἄλκιμον
1637 2977 1900 3033 ῖχνευτήρων,
1917 2978 2087 3033 [βαιὸν,

398 3052 508 3106 ἀτὰρ
528 3050 709 3105 μεγάλης
731 3049 932 3098 ἀντάξιον
949 3052 1077 3102 ἄμμιν
1099 3048 1239 3101 ἀοιδῆς
1261 3054 1279 3102 s
1298 3050 1394 3097 τούς
1416 3052 1570 3103 τράφεν
1587 3051 1712 3102 ἄγρια
1734 3046 1840 3100 φῦλα
1857 3049 2087 3100 Bon-ambit

399 3121 678 3164 αῖολονώτων.
714 3121 891 3166 Nemes.
929 3119 1102 3176 Cyneg.
1137 3118 1223 3163 225
1254 3120 1406 3163 divisa
1439 3119 1681 3163 Britannia
1712 3118 1851 3162 mittit
1872 3123 1892 3172 s
1912 3117 2088 3161 veloces

2173 3378 2180 3381 >

2177 3267 2210 3568 mmm-'352'
2200 3199 2202 3202 ·
2201 3152 2210 3170 v.
2195 3044 2210 3133 liz-imai.
2196 2947 2210 3021 ,ηιξ-ν
2191 2880 2210 2933 ’Πὲἱκν
2207 2809 2210 2830 ..
2195 2714 2210 2734 .“
2201 2676 2210 2685 ι
2201 2576 2210 2634 s„
2208 2547 2210 2550 .
2208 2522 2210 2526 .
2208 2482 2210 2488 .
2192 2338 2210 2461 ...1212-.2.
2207 2315 2210 2321 .
2195 2283 2207 2296 ³¹
2203 2251 2210 2256 ι
2207 2203 2210 2205 .
2201 2175 2204 2179 -
2195 2088 2207 2106 :⁶
2203 2054 2207 2066 —·
2204 2007 2210 2030 .-
2207 1984 2210 1985 ,
2203 1925 2206 1931 -
2202 1888 2203 1893 Α
2195 1806 2198 1807 ’
