2210 3568
1179 263 1238 309 60

427 393 520 437 161.
583 393 861 448 Hyrcano:
891 406 951 438 sc.
985 396 1103 449 cani;
1140 394 1369 451 Hyrcania
1400 395 1480 438 sita
1511 403 1604 438 erat
1635 407 1775 451 prope
1806 393 2056 442 Caucasum

362 465 416 508 ad
453 477 575 509 mare
609 464 849 521 Caspium;
894 465 949 508 de
980 466 1160 522 tigribus
1196 464 1421 522 Hyrcanis
1451 465 1636 527 legimus
1668 465 1782 521 apud
1816 465 2056 524 Vergilium

363 534 474 579 Aen.
509 535 585 588 IV,
617 535 717 579 367.

419 617 527 649 non
560 605 812 659 Hyrcano
844 605 980 649 satis
1011 607 1094 650 est
1125 606 1468 650 vehementia
1489 605 1665 661 gentis
1687 607 1882 658 [tanta
1902 618 2057 654 suae:

361 677 563 732 quamvis
609 678 662 720 sit
707 688 865 733 magna
912 678 1031 721 canis
1080 677 1282 734 Hyrcani
1329 677 1619 729 vehementia,
1665 689 1754 721 non
1800 687 1944 722 tamen
1975 678 2056 724 hac

361 755 564 790 contenta
594 756 673 791 est.
1112 790 1115 792 ,

419 817 619 872 gentis:
646 829 763 873 gens
795 818 965 863 Batave
1001 820 1139 872 „ras”.

424 887 519 931 162.
551 888 749 942 petiere
780 889 920 933 ultro
949 889 1063 934 fera
1093 889 1302 933 semina
1324 888 1499 934 silvisz
1531 889 1671 932 solent
1708 901 1839 950 canes
1868 889 2057 935 feminae

359 967 515 1014 sponte
536 971 615 1003 sua
636 961 678 1003 in
702 960 822 1004 silvis
843 960 936 1004 fera
952 962 1119 1004 semina
1137 970 1285 1017 petere
1304 962 1329 1019 i.
1346 972 1383 1004 e.
1403 961 1585 1016 tigribus
1601 961 1790 1013 misceri,
1805 959 1857 1004 cf.
1877 959 2055 1005 Aristot.

359 1030 433 1085 qui
467 1028 581 1074 Hist.
614 1032 742 1074 anim.
777 1030 898 1083 VIII,
930 1030 1001 1075 27.
1034 1030 1063 1074 8
1092 1031 1208 1074 idem
1242 1031 1297 1074 de
1328 1024 1508 1075 canibus
1542 1030 1659 1074 Indis
1689 1039 1859 1075 narrat:
1891 1033 1992 1085 φασὶ
2013 1030 2055 1074 δὲ

359 1101 428 1140 καὶ
469 1100 513 1141 ἐκ
559 1107 636 1142 τοῦ
666 1101 819 1156 τίγριος
852 1103 922 1142 καὶ
953 1102 1319 1154 κυνὸςγίγνεσθαι
1353 1103 1454 1150 τούς
1483 1101 1705 1154 Ἰνδικοῦς,
1737 1102 1811 1143 οὐκ
1841 1103 1971 1151 εὐθύς
1999 1101 2055 1156 δὲ,
2111 1126 2114 1131 ·

358 1168 452 1211 ἀλλ’
483 1170 554 1211 ἐπὶ
585 1174 660 1223 τῆς
690 1172 832 1226 τρίτης
863 1171 1022 1225 μίξαος.
1044 1174 1090 1213 τὸ
1111 1173 1191 1226 γάρ
1213 1180 1382 1227 πρῶτον
1402 1173 1602 1224 γεννηθὲν
1624 1171 1825 1226 θηριῶδες
1838 1173 2058 1225 γίγνεσθαί

358 1255 498 1292 φασιν.
521 1240 724 1294 ’Ἀγοντες
755 1242 798 1284 δὲ
829 1242 1090 1296 δεσμεύουσιν
1127 1244 1181 1291 εἷς
1212 1244 1288 1291 τὰς
1321 1243 1488 1298 ἐρημίας
1519 1244 1597 1290 τὰς
1629 1246 1770 1291 κύνας·
1802 1244 1872 1284 καὶ
1901 1241 2056 1286 πολλαὶ

359 1312 666 1365 κατεσθίονται,
699 1315 774 1355 ε’ὰν
805 1316 860 1367 μὴ
895 1317 998 1370 τύχῃ
1031 1315 1163 1368 ὀργῶν
1193 1316 1297 1367 πρὸς
1327 1315 1405 1366 τὴν
1439 1314 1572 1369 ὀχείαν
1603 1314 1652 1354 τὸ
1682 1314 1843 1368 θηρίον.

415 1381 637 1439 Aelianus,
683 1384 739 1428 de
770 1394 910 1428 natur.
945 1385 1115 1428 animal.
1149 1384 1270 1428 VIII.
1310 1385 1323 1428 l
1362 1397 1419 1428 ex
1451 1383 1684 1428 Aristotele
1715 1384 1926 1441 pendens,
1948 1384 2056 1430 haec

356 1463 526 1497 narrat:
559 1453 729 1496 Ἰνδικοὶ
760 1453 872 1507 λόγοι
903 1455 1166 1499 διδάσκουσιν
1202 1457 1309 1509 ἡμᾶς
1341 1457 1410 1496 καὶ
1444 1456 1601 1496 ἐκεῖνα·
1634 1455 1711 1502 τὰς
1733 1454 1863 1504 κύνας
1882 1457 2055 1508 ἄγουσιν

359 1525 398 1573 ἐς
428 1526 486 1565 τὰ
516 1523 676 1580 ἐ’νθηρα
708 1526 836 1582 χωρία
868 1528 906 1568 οἱ
936 1528 1158 1581 θηρατικοὶ
1191 1528 1267 1574 τὰς
1299 1527 1468 1578 εὐγενεῖς
1499 1542 1542 1567 τε
1574 1527 1644 1567 καὶ
1672 1524 1772 1583 ἴχνη
1785 1533 2056 1578 καταγνῶναι

356 1595 516 1650 θηρίων
548 1595 718 1647 ἀγαθάς
749 1598 818 1637 καὶ
851 1596 1033 1645 ὤκιστας
1064 1598 1103 1645 ἐς
1136 1597 1301 1651 δρόμον,
1334 1598 1404 1638 καὶ
1435 1600 1523 1644 τοῖς
1553 1595 1800 1650 δένδροις
1834 1595 2055 1651 προσδή-

357 1680 536 1714 σαντες
566 1662 658 1708 εἶτα
687 1666 827 1720 μέντοι
858 1666 1229 1720 ἀπαλλάττονται,
1261 1675 1389 1709 τοῦτο
1410 1666 1545 1721 δήπου
1567 1669 1615 1708 τὸ
1637 1665 1853 1721 λεγόμενον
1874 1667 2056 1724 ἀτεχνῶς

357 1737 483 1794 κύβον
514 1737 841 1792 οἷναῤῥίψαντες.
887 1741 939 1781 Οἱ
969 1739 1010 1781 δὲ
1041 1740 1190 1793 τίγρεις
1222 1739 1465 1794 ἐντυχόντες
1496 1739 1661 1790 αὐταῖς,
1691 1738 1852 1794 οὲθηρίᾳ
1880 1740 1953 1791 μὲν
1985 1727 2076 1779 καὶ.

357 1805 462 1864 λιμῷ
493 1814 781 1861 συμπεσόντες,
819 1809 1050 1851 διασπῶσιν
1092 1811 1249 1858 αὐτάς·
1291 1811 1363 1852 ἐὰν
1405 1808 1446 1851 δὲ
1478 1810 1678 1864 ὀργῶντες
1708 1807 1946 1860 ἀφίκωνται
1984 1809 2054 1849 καὶ

357 1877 640 1932 κεκορεσμένοι,
681 1878 989 1932 συμπλέκονται
1031 1896 1075 1922 τε
1116 1882 1268 1929 αὐταῖς
1300 1882 1368 1921 καὶ
1399 1887 1472 1933 τῆς
1505 1878 1733 1933 ἀφροδίτης
1760 1879 1804 1919 ἐν
1835 1876 2054 1934 πλησμονῇ

357 1950 427 1990 καὶ
465 1950 608 1990 ἐκεῖνοι
647 1949 890 2004 μέμνηνται.
935 1951 1013 1992 Ἐκ
1054 1951 1096 1993 δὲ
1137 1959 1211 2005 τῆς
1252 1949 1414 2004 ὁμιλίας
1455 1950 1616 2005 ταύτης
1653 1950 1701 1990 οὗ
1745 1951 1872 2001 κύων,
1911 1948 2050 2002 φασίν,

356 2017 467 2061 α’λλὰ
514 2020 645 2074 τίγρις
692 2022 890 2063 τίκτεται·
946 2023 990 2063 ἐκ
1032 2021 1074 2064 δὲ
1116 2023 1269 2063 τούτου
1316 2023 1385 2062 καὶ
1430 2022 1552 2070 κυνὸς
1597 2018 1768 2075 θηλείας
1813 2019 1877 2060 ἔτι
1922 2019 2081 2074 τίγρις·Δ

356 2091 520 2146 τεχθείη
552 2093 621 2143 ἄν,
655 2092 675 2131 ὁ
708 2091 749 2133 δὲ
781 2093 824 2133 ἐκ
855 2093 1010 2134 τούτου
1042 2094 1111 2134 καὶ
1144 2094 1266 2141 κυνὸς
1295 2093 1350 2139 εἷς
1382 2094 1458 2145 τὴν
1488 2090 1646 2147 μητέρα
1677 2091 1959 2146 ἀποκρίνεται,
1981 2092 2052 2133 καὶ

356 2159 620 2202 κατώλισθεν
652 2163 678 2215 ἡ
709 2164 843 2216 σπορὰ
874 2165 975 2218 πρὸς
1005 2165 1052 2204 τὸ
1083 2167 1232 2219 χεῖρον,
1265 2164 1334 2204 καὶ
1365 2163 1477 2206 κύων
1509 2163 1707 2203 τίκτεται.

416 2232 585 2277 Plinius
633 2232 689 2276 N.
726 2233 783 2276 Η.
834 2233 953 2288 VIII.
1007 2234 1087 2278 147
1134 2235 1175 2278 E
1204 2234 1396 2289 trigibus
1427 2244 1508 2277 eos
1539 2232 1644 2276 Indi
1673 2233 1832 2277 volant
1861 2231 2053 2288 concipi,
2091 2281 2095 2290 ,

356 2307 401 2347 et
455 2303 510 2348 ob
573 2303 621 2347 id
682 2304 730 2348 in
783 2304 917 2348 silvis
962 2305 1109 2349 coitus
1154 2308 1354 2359 tempore
1400 2304 1593 2359 alligant
1629 2302 1862 2360 feminas;
1901 2303 2058 2358 primo
2123 2325 2128 2332 -

357 2361 402 2418 ei
445 2375 647 2419 secando
683 2374 822 2431 foeta
867 2376 1006 2419 nimis
1054 2375 1240 2432 feroces
1287 2379 1453 2430 putant
1490 2375 1621 2430 gigni
1631 2387 1647 2428 ;
1696 2375 1830 2419 tertio
1868 2374 2050 2418 demum

356 2445 565 2489 educant.
898 2503 901 2508 1
1380 2444 1382 2446 ’

418 2516 554 2560 Vides
595 2515 815 2561 Grattium
847 2517 917 2561 vel
948 2519 1042 2561 eius
1073 2517 1238 2561 fontem
1271 2529 1359 2561 non
1391 2529 1449 2560 ex
1481 2516 1715 2560 Aristotele
1747 2515 1939 2572 pendere
1970 2515 2049 2559 sed

356 2599 415 2631 ex
461 2587 545 2631 alio
591 2588 820 2643 scriptore,
865 2600 967 2630 nam
1014 2588 1130 2643 apud
1175 2596 1375 2631 nostrum
1423 2587 1540 2631 altro
1587 2599 1717 2631 canes
1762 2587 1804 2629 in
1836 2586 1970 2630 silvas
2000 2597 2048 2630 se

356 2658 558 2703 conferre
591 2659 804 2712 dicuntur,
837 2659 952 2714 apud
985 2659 1262 2702 Aristotelem
1284 2659 1332 2702 vi
1353 2668 1583 2714 coguntur,
1601 2669 1744 2714 neque
1765 2657 1881 2714 apud
1902 2668 2056 2713 quem·

357 2742 487 2786 quam
534 2730 663 2772 trium
711 2730 975 2785 scriptorum
1017 2741 1128 2784 quos
1160 2730 1295 2773 modo
1327 2730 1455 2773 citavi
1487 2730 1672 2785 legimus
1702 2740 1814 2784 quae
1848 2726 2047 2772 Grattius
2082 2767 2083 2770 ,

355 2801 577 2844 communi
609 2800 813 2843 historiae
845 2799 1033 2843 addidit:

531 2873 638 2914 tanc
668 2873 713 2913 et
742 2869 997 2913 mansuetis
1026 2873 1125 2913 tuto
1146 2868 1284 2925 feras
1315 2874 1436 2914 errat
1465 2870 1683 2922 adulter]
1706 2870 1753 2913 in
1783 2868 1990 2913 stabulis.

413 2940 631 2995 petiere:
663 2941 862 2995 aoristus,
894 2940 946 2984 cf.
982 2954 1023 2985 v.
1056 2940 1112 2983 45
1144 2941 1377 2995 exterruit,
1418 2941 1498 2985 184
1532 2940 1779 2984 subierant.

420 3082 513 3127 163.
577 3083 669 3126 dat
725 3093 896 3126 venus
952 3093 1222 3126 accessus:
1279 3082 1412 3126 libido
1465 3094 1539 3126 eas
1585 3081 1776 3138 impellit,
1822 3090 1868 3124 ut
1913 3081 2049 3136 tigres

355 3153 471 3197 altro
504 3162 665 3209 petant.
