2210 3568
957 237 1008 282 91

47 359 357 433 ,Jyregiique
387 369 620 416 industria
651 371 823 414 matres
853 387 912 404 =
948 379 1074 421 „cum
1107 367 1236 412 catuli
1268 378 1357 412 non
1389 368 1476 411 iam
1510 367 1637 411 matri
1667 374 1846 423 praesto

28 431 82 512 ''j‘'
121 453 229 493 eunt
258 442 315 488 ad
345 441 673 496 nutriendum”‚
706 451 850 497 neque
897 448 1044 483 tamen
1090 439 1131 482 ei
1163 438 1416 495 adstipulari
1458 449 1713 495 possumm,
1745 449 1846 481 cum

45 511 62 536 ³
127 527 219 562 non
279 513 425 560 catuli
484 514 691 558 deserant
752 519 938 555 matrem
999 509 1071 567 (cf.
1121 522 1186 554 vs.
1235 519 1515 567 sequentem
1547 508 1748 553 catulos.

56 583 69 629 Ξ.
126 586 348 643 relictos),
378 585 458 630 sed
491 593 655 628 matres
686 583 829 627 desint
861 581 1037 636 catulis;
1071 593 1214 638 neque
1248 581 1382 625 Ellisii
1399 582 1653 626 coniectura
1671 588 1849 636 recepta

34 643 52 708 s
121 670 230 704 cum
277 658 378 702 viro
418 656 551 700 docto
587 653 770 709 Cur-cio,
803 654 878 710 qui
901 651 1038 709 fetus
1067 653 1309 709 genitivum
1344 652 1488 706 habet,
1522 660 1697 696 vertere
1728 651 1845 695 licet:

126 727 337 788 ,quando
368 727 409 772 le
441 726 583 771 madri
608 718 824 782 'vengono
856 735 989 768 meno
1021 723 1103 767 alla
1135 735 1242 767 cura
1273 723 1344 767 dei
1376 723 1507 766 nati’'.

187 799 237 847 Si
283 811 386 846 cum
435 798 624 843 Pithoeo
663 795 800 854 fetae
845 795 1093 849 scribimus,
1143 806 1235 838 vox
1281 795 1534 851 accipienda
1577 803 1643 838 est
1674 802 1720 837 ut
1755 791 1846 838 Ov.

42 858 51 930 J
126 871 242 918 Fast.
292 870 346 916 11.
396 869 486 914 412
530 868 656 913 venit
697 867 760 912 aa
805 865 1043 922 expositos
1074 864 1304 922 (miramo
1336 865 1447 921 lupa
1470 864 1580 921 feta
1608 863 1851 920 gemellos,-

124 943 231 990 Sen.
265 938 461 987 Phaedr.
500 940 566 984 19.
597 939 670 984 20.
706 938 845 995 Operi
875 957 931 975 =
964 938 1200 981 nutritioni.

185 1108 287 1154 306.
349 1108 598 1161 transeat
628 1106 686 1150 in
718 1106 925 1150 catulos
957 1104 1135 1149 omnis
1165 1103 1336 1149 tutela
1358 1103 1600 1149 relictos:
1632 1103 1685 1148 cf.
1711 1102 1845 1161 Verg.

5 1159 13 1161 γ’
45 1167 48 1170 “
127 1178 300 1239 Georg.
335 1179 413 1225 111.
454 1179 535 1224 157
563 1181 674 1235 post
700 1181 889 1234 partum
910 1188 1048 1221 cura
1071 1176 1118 1220 in
1138 1174 1310 1220 vitulos
1330 1175 1616 1219 traducitur
1640 1175 1845 1220 omnis.

39 1383 41 1406 3
185 1346 286 1394 307.
349 1346 490 1391 lacte
522 1357 725 1391 novam
758 1346 954 1399 pubem
984 1342 1232 1398 facilique
1263 1344 1482 1387 tuebere
1511 1353 1691 1386 maza:
1724 1342 1848 1397 lacte,

31 1435 34 1444 ’
122 1418 182 1465 cf.
215 1417 527 1464 Pseudo-Xen.
561 1418 603 1462 7.
628 1417 657 1461 4
689 1415 857 1459 ἐπειδὰν
885 1415 926 1457 δὲ
949 1414 1029 1470 ἤδη
1049 1413 1267 1458 πλανᾶται
1289 1416 1343 1456 τὰ
1365 1412 1585 1466 σκυλάκια,
1627 1413 1848 1457 διδόναι

38 1498 44 1499 ’
125 1489 273 1544 γάλα
323 1488 438 1547 μέχρι
490 1491 686 1533 ἐνιαυτοῦ
738 1490 808 1528 καὶ
860 1485 938 1535 οἷς
990 1484 1173 1540 μέλλει
1236 1488 1328 1527 τὸν
1380 1487 1604 1528 ἅπαντα
1655 1486 1847 1541 χρόνον

34 1560 47 1570 ”
121 1561 455 1620 βιώσεσθαι,
487 1549 592 1602 ἄλλο
644 1559 686 1602 δὲ
722 1558 848 1613 μηδέν
879 1558 950 1617 (cf.
1000 1569 1082 1602 nec
1118 1558 1256 1601 luxus
1288 1557 1497 1602 alio-5...
1539 1556 1770 1614 noscant)·
1804 1557 1849 1597 αἱ

126 1634 208 1689 γὰρ
248 1634 419 1691 ,βαρεῖαι
470 1630 709 1687 πλησμοναὶ
750 1638 834 1674 τῶν
882 1628 1118 1673 σκυλακίων
1166 1628 1454 1683 διαστρέφουσι
1501 1626 1637 1682 σκέλη,
1689 1628 1848 1682 σώμασι

124 1705 274 1753 νόσους
303 1706 534 1758 ἐμποιοῦσι,
566 1704 636 1745 καὶ
670 1704 725 1744 τὰ
757 1701 874 1750 ἔντος
906 1701 1033 1743 ἄδικα
1064 1702 1261 1753 γίγνεται.

29 1806 40 1840 J
186 1786 366 1820 maza:
400 1775 450 1820 in
472 1772 651 1832 fetura,
684 1775 821 1831 inquit
856 1773 1016 1827 Varro,
1055 1773 1109 1817 de
1147 1785 1195 1816 re
1238 1782 1343 1816 rust.
1391 1771 1443 1815 11.
1477 1771 1519 1815 9.
1551 1772 1616 1827 11,
1643 1771 1848 1816 dandum

120 1847 284 1904 potius
316 1846 591 1893 hordeacios
621 1857 762 1902 quam
792 1845 990 1889 triticios
1017 1856 1168 1900 panes
1176 1857 1191 1897 ,·
1233 1844 1387 1901 magis
1418 1843 1542 1888 enim
1574 1854 1629 1887 eo
1661 1843 1853 1887 aluntur

124 1922 173 1964 et
201 1918 337 1964 lactis
364 1917 587 1975 praebent
622 1917 844 1962 maiorem
866 1915 1173 1974 facultatem;
1203 1915 1303 1959 ibid.
1326 1914 1382 1959 11.
1399 1914 1441 1959 9.
1470 1914 1521 1959 10
1538 1926 1622 1959 nec
1654 1926 1748 1959 non
1781 1914 1848 1958 ita

120 2002 296 2048 panem
341 1989 639 2036 hordeacium
686 1988 907 2040 dandum,
954 1991 1002 2032 ut
1048 1999 1142 2031 non
1184 1987 1343 2042 potius
1387 1998 1492 2030 eum
1535 1986 1583 2031 in
1614 1986 1734 2031 lacte
1765 1985 1847 2029 des
1882 2024 1883 2027 ,

125 2061 354 2115 intritum,
375 2061 499 2118 quod
530 2072 586 2105 eo
617 2060 828 2113 consueti
858 2059 958 2104 cibo
991 2059 1058 2103 uti
1088 2071 1119 2103 a
1145 2070 1311 2114 pecore
1343 2070 1437 2102 ηοη
1458 2058 1549 2102 cito
1570 2057 1845 2102 desciscunt.

189 2133 312 2179 Idem
359 2141 647 2191 praeceptum
695 2133 767 2176 dat
817 2131 1113 2175 Nemesianus
1165 2129 1343 2188 Cyneg.
1400 2130 1482 2174 154
1531 2129 1849 2184 interdumque

123 2205 229 2251 cibo
261 2204 474 2250 Cererem
505 2215 609 2248 cum
640 2203 760 2247 lacte
792 2203 1019 2247 ministra.

185 2275 356 2321 facili:
389 2288 503 2333 quae
535 2275 660 2319 facile
693 2285 887 2331 paratur,
910 2274 1123 2331 simplex3
1157 2275 1341 2330 opponit
1373 2275 1492 2318 enim
1510 2282 1641 2330 poeta
1650 2271 1849 2329 facilem

126 2359 317 2394 mazam
370 2346 660 2404 „impendiis”
706 2358 819 2402 quae
860 2354 1120 2402 sequuntur,
1153 2345 1206 2389 cf.
1240 2345 1358 2402 apud
1391 2344 1527 2402 Verg.
1566 2343 1736 2402 Georg.
1773 2342 1847 2387 111.
1913 2332 1917 2337 ⁴

127 2419 218 2464 528
261 2418 491 2475 simplicis
523 2417 772 2476 („0pposed
814 2427 859 2461 to
891 2417 963 2461 the
996 2426 1085 2461 arts
1117 2416 1166 2461 of
1194 2417 1397 2474 cool<ery
1430 2416 1662 2474 displayed
1704 2417 1746 2459 in
1793 2427 1847 2458 an

123 2491 351 2537 elaborate
385 2491 621 2547 banquet”,
658 2478 934 2546 Coningten)
965 2488 1143 2533 herbae.

188 2645 291 2690 309.
354 2645 517 2690 redit:
566 2653 612 2688 ut
646 2645 830 2701 pecunia
863 2644 1041 2698 credita,
1074 2643 1126 2688 cf.
1163 2656 1226 2687 vs.
1261 2643 1370 2687 380.
1390 2676 1430 2687 ..
1474 2646 1634 2687 nostra
1666 2639 1846 2696 quidem

126 2717 248 2770 redit
279 2728 395 2762 usus
426 2717 485 2761 ab
517 2719 631 2761 arte.

822 2880 896 2926 De
928 2881 1161 2927 luxuria.

191 3023 292 3068 310.
357 3025 466 3069 est:
499 3036 523 3067 a
558 3024 698 3068 verbo
730 3023 908 3067 edendi.

189 3095 390 3141 altera:
423 3107 482 3140 sc.
517 3095 799 3152 indulgentia.

192 3166 483 3211 humanos,
506 3202 513 3209 .
536 3202 574 3210 ..
617 3177 832 3211 sensus:
867 3166 1052 3223 ingenia
1085 3170 1129 3211 et
1161 3177 1312 3211 mores
1344 3164 1592 3209 hominum.
