2210 3568
1033 240 1115 284 149

212 361 518 422 Wageningen
561 365 666 421 mihi
697 368 872 423 scripsit
903 380 952 413 se
983 379 1151 414 textum
1183 373 1391 418 traditum
1423 388 1541 420 nunc
1572 389 1729 422 sanum
1762 379 1928 426 habere

209 444 253 480 et
282 437 582 481 coniecturam
619 435 983 494 Kleinguentheri
1014 452 1243 497 spernere.

186 575 190 579 ἡ
207 613 364 659 laven.
396 613 440 659 8.
471 613 573 682 241·

266 698 458 742 nominis
489 709 541 742 ac
572 698 679 742 tituli
713 698 927 755 quanti-im
958 702 979 753 s
1010 701 1054 744 in
1088 700 1309 758 Leucade,
1343 715 1553 761 quantum
1940 748 1942 750 ,

206 767 300 814 Pro
347 768 396 814 in
442 770 520 825 (sic
564 768 989 827 Montepessulanus
1028 770 1128 830 125)
1158 774 1358 818 eiusdem
1393 777 1558 822 codicis
1589 791 1746 825 manus
1777 794 1928 828 emen-

203 839 351 886 datrix
395 852 502 896 non,
554 839 791 886 Hermann
830 841 922 897 vix,
960 841 1178 888 Polstorff
1206 845 1254 889 in
1284 857 1351 901 se,
1389 846 1537 893 Owen
1569 850 1617 893 vi
1647 851 1772 909 legit;
1804 855 1928 900 locus

203 921 350 957 tamen
380 913 592 957 incertus

201 1072 406 1118 Μαι-τίω.
442 1073 519 1118 111.
553 1073 594 1118 3.
629 1075 657 1117 4

259 1165 334 1201 aut
363 1158 487 1214 aperi
515 1156 689 1212 faciem,
721 1157 741 1214 l
773 1167 846 1202 aut
876 1160 1066 1203 tunicata
1097 1159 1215 1215 lava3

200 1235 302 1273 ante
347 1227 555 1273 tunicata
605 1227 916 1274 Schneidewin
962 1233 1012 1274 tu
1059 1231 1256 1285 inseruit,
1304 1235 1423 1290 quod
1461 1244 1607 1281 tamen
1639 1248 1793 1294 postea
1826 1241 1921 1286 iure

198 1300 381 1357 sprevit.

257 1477 397 1524 Vides
442 1480 580 1535 locos,
628 1481 703 1537 qui
750 1480 805 1524 ad
852 1490 1054 1525 nostrum
1101 1482 1313 1527 tuendum
1363 1483 1512 1529 afferri
1544 1497 1743 1542 possunt,
1775 1502 1919 1546 neque

196 1549 359 1596 multos
404 1563 504 1610 esse
550 1563 697 1609 neque
745 1552 799 1596 ab
840 1554 960 1596 omni
1002 1554 1254 1610 suspicione
1288 1567 1484 1612 vacuos;
1515 1559 1768 1615 complures
1800 1563 1916 1606 enim

194 1621 281 1666 leni
327 1624 569 1668 mutatione
600 1623 764 1667 hiatum
798 1624 1002 1680 perdunt.
1069 1623 1202 1670 Hanc
1237 1627 1295 1670 ob
1327 1638 1506 1672 causam
1540 1630 1663 1674 multi
1695 1631 1917 1690 philologi,

194 1694 308 1738 inter
335 1706 452 1751 quos
488 1693 732 1752 Hauptium
766 1694 1039 1752 Postgatium
1076 1695 1322 1741 Henricum
1356 1696 1558 1743 Schenkl
1585 1700 1769 1746 honoris
1786 1715 1917 1748 causa

192 1765 390 1819 nomino,
414 1809 417 1812 ,
437 1769 510 1810 est
554 1766 850 1811 inseruerunt.
889 1765 1185 1812 SchenKelius
1216 1768 1272 1813 de
1304 1778 1464 1814 nostro
1495 1770 1595 1816 loco
1626 1774 1775 1818 scribit
1807 1774 1915 1819 haee

191 1834 284 1894 (Zu
333 1834 535 1882 Grattius
581 1851 623 1895 p.
672 1837 796 1896 416):
850 1840 919 1892 „in
953 1852 995 1883 v.
1027 1839 1118 1882 249
1148 1853 1213 1897 sq.
1248 1840 1359 1884 wird
1392 1841 1485 1885 sich
1518 1853 1672 1885 ausser
1704 1843 1784 1886 der
1817 1842 1915 1887 Ein-

189 1907 434 1967 schiebung
481 1921 571 1954 von
620 1912 691 1953 est
737 1909 850 1954 nach
899 1910 1112 1955 meritam
1156 1911 1298 1955 nichts
1335 1912 1595 1956 ausdenken
1628 1912 1786 1969 lassen,
1821 1927 1913 1959 was

189 1979 276 2024 den
307 1979 546 2037 doppelten
578 1981 845 2025 metrischen
879 1981 1069 2026 Anstoss
1099 1995 1155 2026 zu
1189 1983 1428 2040 beseitigen
1463 1985 1522 2027 im
1555 1982 1720 2028 Stande
1747 1986 1911 2030 ware?

248 2049 323 2096 Sic
352 2063 438 2109 ego
469 2063 649 2109 quoque
680 2053 874 2108 primum
906 2054 1056 2109 putavi
1078 2057 1149 2097 est
1170 2055 1456 2101 inserendum
1483 2067 1606 2110 esse;
1630 2068 1747 2101 nunc
1765 2066 1909 2101 tamen

188 2123 412 2180 vulgatam
458 2125 569 2168 tueri
617 2123 846 2178 malo-has
878 2125 937 2168 ob
967 2136 1143 2169 causas:
1176 2134 1279 2170 ante
1310 2126 1709 2182 interpunctionem
1744 2128 1907 2172 hiatum

187 2206 212 2238 a
243 2196 386 2252 poetis
417 2195 660 2240 admissum
692 2207 794 2240 esse
827 2205 1009 2251 constat,
1041 2195 1095 2240 cf.
1131 2196 1268 2254 Verg.
1303 2196 1393 2241 Ecl.
1425 2197 1467 2241 2.
1498 2197 1582 2242 53:

243 2266 404 2312 addam
435 2279 565 2312 cerea
597 2279 760 2325 pruna:
793 2271 812 2322 s
845 2267 990 2312 honos
1021 2269 1102 2312 erit
1134 2269 1235 2312 huic
1268 2281 1446 2326 quoque
1479 2281 1611 2325 poma

186 2337 299 2382 Aen.
332 2337 365 2382 1.
399 2337 514 2383 405:

241 2419 285 2454 et
315 2421 424 2454 vera
454 2411 630 2455 incessu
663 2411 798 2467 patuit
830 2410 934 2454 dea:
968 2413 987 2465 l
1018 2411 1087 2454 ille
1120 2412 1192 2455 ubi
1226 2420 1411 2456 matrem

181 2479 386 2538 Syllabas
432 2483 594 2526 breves
640 2483 726 2526 ictu
774 2481 995 2526 interdum
1040 2481 1196 2540 longas
1244 2481 1337 2526 fleri
1376 2492 1419 2527 et
1451 2483 1560 2528 haec
1594 2493 1695 2528 nota
1728 2496 1814 2540 res,
1847 2484 1901 2529 cf.

182 2551 317 2611 Verg.
351 2551 463 2598 Aen.
499 2552 575 2597 111.
596 2552 725 2602 *4642

236 2624 352 2669 dona
385 2625 544 2670 dehinc
576 2637 688 2669 auro
721 2624 875 2682 gravia
907 2634 1117 2682 sectoque
1148 2625 1398 2682 elephanto.

238 2791 598 2849 Exspectandum
630 2794 759 2850 igitur
781 2793 1004 2838 nonnullis
1025 2793 1133 2838 locis
1158 2802 1200 2837 et
1223 2793 1387 2837 hiatum
1410 2802 1453 2837 et
1476 2794 1659 2837 brevem
1682 2792 1896 2848 syllabam

175 2865 263 2909 ictu
294 2864 471 2922 longam
504 2863 663 2909 factam
696 2866 962 2927 coniunctim
994 2860 1184 2910 inveniri
1195 2879 1206 2919 ;
1238 2877 1363 2921 ergo,
1396 2866 1432 2908 si
1464 2865 1625 2924 aliquot
1652 2864 1759 2907 locis
1782 2863 1897 2907 duae

174 2934 258 2980 hae
288 2947 363 2981 res
393 2936 612 2993 leguntur,
646 2937 905 2993 praesertim
939 2948 1040 2980 curn
1072 2939 1351 2981 coniecturae
1384 2948 1474 2980 non
1503 2935 1762 2979 verisimiles
1779 2944 1893 2989 sunt,

174 3007 350 3064 vulgata
380 3020 487 3052 sana
517 3008 720 3052 habenda
751 3018 841 3062 est;
873 3020 928 3052 eo
959 3008 1059 3052 loco
1091 3017 1251 3062 autem,
1285 3019 1417 3064 quem
1449 3019 1507 3050 ex
1539 3005 1726 3049 Martiali
1748 3005 1891 3059 citavi,

172 3079 290 3123 nulla
321 3079 492 3123 medela
514 3080 679 3136 placet;
702 3079 822 3136 apud
844 3088 1046 3123 nostrum
1069 3089 1230 3134 autem,
1254 3089 1299 3123 ut
1322 3080 1390 3123 vir
1412 3078 1464 3122 cl.
1485 3090 1568 3122 van
1584 3076 1890 3132 Wageningen

172 3161 244 3195 me
291 3162 371 3207 per
418 3150 581 3195 litteras
626 3151 787 3206 docuit,
836 3163 994 3195 versus
1035 3150 1282 3207 languidior
1327 3149 1371 3194 fit
1402 3149 1639 3193 inserendo
1672 3151 1755 3203 est,
1787 3160 1889 3191 nam
