<?xml version="1.0" encoding="UTF-8"?>
<!DOCTYPE html PUBLIC "-//W3C//DTD XHTML 1.0 Transitional//EN"
    "http://www.w3.org/TR/xhtml1/DTD/xhtml1-transitional.dtd">
<html xmlns="http://www.w3.org/1999/xhtml" xml:lang="en" lang="en">
 <head>
  <title>
</title>
<meta http-equiv="Content-Type" content="text/html;charset=utf-8" />
  <meta name='ocr-system' content='tesseract 3.04.00' />
  <meta name='ocr-capabilities' content='ocr_page ocr_carea ocr_par ocr_line ocrx_word'/>
</head>
<body>
  <div class='ocr_page' id='page_1' title='image "./cynegeticonquaes00gratuoft_0264.png"; bbox 0 0 2210 3568; ppageno 0'>
   <div class='ocr_carea' id='block_1_1' title="bbox 1169 239 1250 291">
    <p class='ocr_par' dir='ltr' id='par_1_1' title="bbox 1169 239 1250 291">
     <span class='ocr_line' id='line_1_1' title="bbox 1169 239 1250 291; baseline 0 -9"><span class='ocrx_word' id='word_1_1' title='bbox 1169 239 1250 291; x_wconf 81' lang='lat'>144</span> 
     </span>
    </p>
   </div>
   <div class='ocr_carea' id='block_1_2' title="bbox 359 366 2058 779">
    <p class='ocr_par' dir='ltr' id='par_1_2' title="bbox 359 366 2058 634">
     <span class='ocr_line' id='line_1_2' title="bbox 417 366 2056 424; baseline 0.001 -12"><span class='ocrx_word' id='word_1_2' title='bbox 417 367 518 413; x_wconf 87' lang='grc'><strong>527.</strong></span> <span class='ocrx_word' id='word_1_3' title='bbox 596 367 876 422; x_wconf 85' lang='lat' dir='ltr'>victaeque</span> <span class='ocrx_word' id='word_1_4' title='bbox 945 366 1220 424; x_wconf 85' lang='lat' dir='ltr'>fragosum</span> <span class='ocrx_word' id='word_1_5' title='bbox 1252 367 1580 421; x_wconf 78' lang='lat' dir='ltr'>[Nebroden</span> <span class='ocrx_word' id='word_1_6' title='bbox 1636 369 1837 424; x_wconf 80' lang='lat' dir='ltr'>liquere</span> <span class='ocrx_word' id='word_1_7' title='bbox 1891 369 2056 417; x_wconf 75' lang='lat' dir='ltr'>ferae:</span> 
     </span>
     <span class='ocr_line' id='line_1_3' title="bbox 362 430 2056 498; baseline 0.002 -14"><span class='ocrx_word' id='word_1_8' title='bbox 362 439 610 494; x_wconf 87' lang='lat' dir='ltr'>Nebrodes,</span> <span class='ocrx_word' id='word_1_9' title='bbox 657 450 785 482; x_wconf 90' lang='lat' dir='ltr'>mons</span> <span class='ocrx_word' id='word_1_10' title='bbox 826 437 1011 494; x_wconf 87' lang='lat' dir='ltr'>Siciliae,</span> <span class='ocrx_word' id='word_1_11' title='bbox 1044 430 1117 496; x_wconf 87' lang='lat' dir='ltr'>qui</span> <span class='ocrx_word' id='word_1_12' title='bbox 1150 441 1212 484; x_wconf 91' lang='lat' dir='ltr'>sic</span> <span class='ocrx_word' id='word_1_13' title='bbox 1243 440 1507 494; x_wconf 90' lang='lat' dir='ltr'>nominatur,</span> <span class='ocrx_word' id='word_1_14' title='bbox 1539 441 1639 496; x_wconf 86' lang='lat' dir='ltr'>quia</span> <span class='ocrx_word' id='word_1_15' title='bbox 1670 440 1823 486; x_wconf 86' lang='lat' dir='ltr'>damis</span> <span class='ocrx_word' id='word_1_16' title='bbox 1853 440 2056 498; x_wconf 79' lang='lat' dir='ltr'><strong>abundat,</strong></span> 
     </span>
     <span class='ocr_line' id='line_1_4' title="bbox 359 508 2058 568; baseline -0.001 -12"><span class='ocrx_word' id='word_1_17' title='bbox 359 511 413 556; x_wconf 82' lang='lat' dir='ltr'>cf.</span> <span class='ocrx_word' id='word_1_18' title='bbox 462 509 666 555; x_wconf 86' lang='lat' dir='ltr'>Strabon.</span> <span class='ocrx_word' id='word_1_19' title='bbox 715 508 792 553; x_wconf 84' lang='lat' dir='ltr'>VI.</span> <span class='ocrx_word' id='word_1_20' title='bbox 839 509 869 553; x_wconf 84' lang='lat'>9</span> <span class='ocrx_word' id='word_1_21' title='bbox 914 508 1036 568; x_wconf 84' lang='lat'>(274)</span> <span class='ocrx_word' id='word_1_22' title='bbox 1081 510 1268 564; x_wconf 71' lang='grc' dir='ltr'><em>ἀπαίρει</em></span> <span class='ocrx_word' id='word_1_23' title='bbox 1316 509 1359 563; x_wconf 71' lang='grc' dir='ltr'>δὲ</span> <span class='ocrx_word' id='word_1_24' title='bbox 1406 518 1457 565; x_wconf 76' lang='grc' dir='ltr'>τῇ</span> <span class='ocrx_word' id='word_1_25' title='bbox 1486 510 1715 566; x_wconf 29' lang='grc' dir='ltr'>Αἴτνῃ-τὰ</span> <span class='ocrx_word' id='word_1_26' title='bbox 1745 511 1956 568; x_wconf 71' lang='grc' dir='ltr'><em>Νεβρῶδη</em></span> <span class='ocrx_word' id='word_1_27' title='bbox 1985 512 2058 568; x_wconf 78' lang='grc' dir='ltr'>ὄρη</span> 
     </span>
     <span class='ocr_line' id='line_1_5' title="bbox 359 577 1798 634; baseline -0.001 -12"><span class='ocrx_word' id='word_1_28' title='bbox 359 581 634 634; x_wconf 69' lang='grc' dir='ltr'><em>ταπεινότερα</em></span> <span class='ocrx_word' id='word_1_29' title='bbox 665 580 752 632; x_wconf 73' lang='grc' dir='ltr'>μὲν,</span> <span class='ocrx_word' id='word_1_30' title='bbox 785 577 936 621; x_wconf 72' lang='grc' dir='ltr'><em>πλάτει</em></span> <span class='ocrx_word' id='word_1_31' title='bbox 969 579 1011 621; x_wconf 76' lang='grc' dir='ltr'>δὲ</span> <span class='ocrx_word' id='word_1_32' title='bbox 1043 578 1152 621; x_wconf 78' lang='grc' dir='ltr'><em>πολὺ</em></span> <span class='ocrx_word' id='word_1_33' title='bbox 1185 579 1552 634; x_wconf 72' lang='grc' dir='ltr'><em>παραλλάττοντα.</em></span> <span class='ocrx_word' id='word_1_34' title='bbox 1707 630 1710 633; x_wconf 20' lang='grc' dir='ltr'>η</span> <span class='ocrx_word' id='word_1_35' title='bbox 1794 629 1798 633; x_wconf 29' lang='grc'>1</span> 
     </span>
    </p>

    <p class='ocr_par' dir='ltr' id='par_1_3' title="bbox 359 651 2058 779">
     <span class='ocr_line' id='line_1_6' title="bbox 415 651 2058 711; baseline 0.003 -17"><span class='ocrx_word' id='word_1_36' title='bbox 415 651 713 707; x_wconf 77' lang='lat' dir='ltr'>fragosam:</span> <span class='ocrx_word' id='word_1_37' title='bbox 757 652 914 696; x_wconf 89' lang='lat' dir='ltr'>iterum</span> <span class='ocrx_word' id='word_1_38' title='bbox 962 652 1088 696; x_wconf 89' lang='lat' dir='ltr'>docet</span> <span class='ocrx_word' id='word_1_39' title='bbox 1136 651 1308 696; x_wconf 91' lang='lat' dir='ltr'>Siculos</span> <span class='ocrx_word' id='word_1_40' title='bbox 1354 664 1493 709; x_wconf 89' lang='lat' dir='ltr'>equos</span> <span class='ocrx_word' id='word_1_41' title='bbox 1539 654 1668 696; x_wconf 85' lang='lat' dir='ltr'>etiam</span> <span class='ocrx_word' id='word_1_42' title='bbox 1716 654 1759 697; x_wconf 90' lang='lat' dir='ltr'>in</span> <span class='ocrx_word' id='word_1_43' title='bbox 1806 655 2058 711; x_wconf 82' lang='lat' dir='ltr'>regionibus</span> 
     </span>
     <span class='ocr_line' id='line_1_7' title="bbox 359 722 886 779; baseline -0.002 -12"><span class='ocrx_word' id='word_1_44' title='bbox 359 723 584 779; x_wconf 92' lang='lat' dir='ltr'>scruposis</span> <span class='ocrx_word' id='word_1_45' title='bbox 615 722 741 766; x_wconf 90' lang='lat' dir='ltr'>utiles</span> <span class='ocrx_word' id='word_1_46' title='bbox 774 734 886 766; x_wconf 90' lang='lat' dir='ltr'>esse.</span> 
     </span>
    </p>
   </div>
   <div class='ocr_carea' id='block_1_3' title="bbox 360 862 2062 2053">
    <p class='ocr_par' dir='ltr' id='par_1_4' title="bbox 360 862 2062 1332">
     <span class='ocr_line' id='line_1_8' title="bbox 418 862 2060 919; baseline 0.002 -13"><span class='ocrx_word' id='word_1_47' title='bbox 418 862 519 907; x_wconf 86' lang='lat'><strong>528.</strong></span> <span class='ocrx_word' id='word_1_48' title='bbox 582 875 612 907; x_wconf 93' lang='lat' dir='ltr'>o</span> <span class='ocrx_word' id='word_1_49' title='bbox 660 865 892 917; x_wconf 85' lang='lat' dir='ltr'>quantus</span> <span class='ocrx_word' id='word_1_50' title='bbox 937 863 993 906; x_wconf 88' lang='lat' dir='ltr'>in</span> <span class='ocrx_word' id='word_1_51' title='bbox 1044 863 1210 907; x_wconf 87' lang='lat' dir='ltr'>armis</span> <span class='ocrx_word' id='word_1_52' title='bbox 1241 869 1261 916; x_wconf 85' lang='grc' dir='ltr'><em>Ι</em></span> <span class='ocrx_word' id='word_1_53' title='bbox 1290 863 1378 908; x_wconf 88' lang='lat' dir='ltr'>ille</span> <span class='ocrx_word' id='word_1_54' title='bbox 1425 864 1575 917; x_wconf 89' lang='lat' dir='ltr'>meis,</span> <span class='ocrx_word' id='word_1_55' title='bbox 1628 864 1818 919; x_wconf 88' lang='lat' dir='ltr'>quoius</span> <span class='ocrx_word' id='word_1_56' title='bbox 1863 865 2060 915; x_wconf 77' lang='lat' dir='ltr'>dociles</span> 
     </span>
     <span class='ocr_line' id='line_1_9' title="bbox 360 933 2058 991; baseline 0.002 -14"><span class='ocrx_word' id='word_1_57' title='bbox 360 933 606 987; x_wconf 84' lang='lat' dir='ltr'>pecuaria</span> <span class='ocrx_word' id='word_1_58' title='bbox 654 935 837 978; x_wconf 87' lang='lat' dir='ltr'>coetus</span> <span class='ocrx_word' id='word_1_59' title='bbox 883 933 1169 978; x_wconf 86' lang='lat' dir='ltr'>sufficient:</span> <span class='ocrx_word' id='word_1_60' title='bbox 1216 936 1278 978; x_wconf 93' lang='lat' dir='ltr'>sic</span> <span class='ocrx_word' id='word_1_61' title='bbox 1325 935 1509 991; x_wconf 88' lang='lat' dir='ltr'>legimus</span> <span class='ocrx_word' id='word_1_62' title='bbox 1551 936 1594 978; x_wconf 90' lang='lat' dir='ltr'>in</span> <span class='ocrx_word' id='word_1_63' title='bbox 1626 935 1778 980; x_wconf 90' lang='lat' dir='ltr'>codice</span> <span class='ocrx_word' id='word_1_64' title='bbox 1809 934 1874 991; x_wconf 79' lang='lat' dir='ltr'>A·;</span> <span class='ocrx_word' id='word_1_65' title='bbox 1906 937 1975 981; x_wconf 89' lang='lat' dir='ltr'>vir</span> <span class='ocrx_word' id='word_1_66' title='bbox 2005 937 2058 981; x_wconf 91' lang='lat' dir='ltr'>cl.</span> 
     </span>
     <span class='ocr_line' id='line_1_10' title="bbox 365 1003 2060 1063; baseline 0.002 -15"><span class='ocrx_word' id='word_1_67' title='bbox 365 1005 424 1048; x_wconf 88' lang='lat' dir='ltr'>H.</span> <span class='ocrx_word' id='word_1_68' title='bbox 473 1004 668 1049; x_wconf 85' lang='lat' dir='ltr'>Schenkl</span> <span class='ocrx_word' id='word_1_69' title='bbox 717 1007 790 1061; x_wconf 92' lang='lat' dir='ltr'>(zu</span> <span class='ocrx_word' id='word_1_70' title='bbox 841 1003 1053 1060; x_wconf 86' lang='lat' dir='ltr'>Grattius,</span> <span class='ocrx_word' id='word_1_71' title='bbox 1103 1019 1144 1063; x_wconf 90' lang='lat' dir='ltr'>p.</span> <span class='ocrx_word' id='word_1_72' title='bbox 1188 1005 1292 1063; x_wconf 88' lang='grc'>443)</span> <span class='ocrx_word' id='word_1_73' title='bbox 1323 1006 1555 1050; x_wconf 89' lang='lat' dir='ltr'>lectionem</span> <span class='ocrx_word' id='word_1_74' title='bbox 1587 1006 1786 1050; x_wconf 85' lang='lat' dir='ltr'>traditam</span> <span class='ocrx_word' id='word_1_75' title='bbox 1818 1005 2060 1056; x_wconf 75' lang='lat' dir='ltr'>defendens</span> 
     </span>
     <span class='ocr_line' id='line_1_11' title="bbox 362 1075 2061 1133; baseline 0 -12"><span class='ocrx_word' id='word_1_76' title='bbox 362 1077 512 1121; x_wconf 90' lang='lat' dir='ltr'>vertit:</span> <span class='ocrx_word' id='word_1_77' title='bbox 566 1076 750 1129; x_wconf 86' lang='lat' dir='ltr'>„dessen</span> <span class='ocrx_word' id='word_1_78' title='bbox 797 1076 904 1133; x_wconf 88' lang='lat' dir='ltr'>klug</span> <span class='ocrx_word' id='word_1_79' title='bbox 952 1077 1207 1133; x_wconf 88' lang='lat' dir='ltr'>angestellte</span> <span class='ocrx_word' id='word_1_80' title='bbox 1239 1076 1529 1133; x_wconf 81' lang='lat' dir='ltr'>Ziichtungen</span> <span class='ocrx_word' id='word_1_81' title='bbox 1564 1075 1727 1121; x_wconf 87' lang='lat' dir='ltr'>Thiere</span> <span class='ocrx_word' id='word_1_82' title='bbox 1757 1076 2061 1133; x_wconf 10' lang='lat' dir='ltr'>liefern,ssquis</span> 
     </span>
     <span class='ocr_line' id='line_1_12' title="bbox 361 1145 2062 1205; baseline 0.001 -15"><span class='ocrx_word' id='word_1_83' title='bbox 361 1146 564 1204; x_wconf 88' lang='lat' dir='ltr'>(relativ.)</span> <span class='ocrx_word' id='word_1_84' title='bbox 613 1145 824 1190; x_wconf 87' lang='lat' dir='ltr'>Chaonia</span> <span class='ocrx_word' id='word_1_85' title='bbox 855 1147 1126 1191; x_wconf 80' lang='lat' dir='ltr'>contendere</span> <span class='ocrx_word' id='word_1_86' title='bbox 1156 1150 1315 1191; x_wconf 85' lang='lat' dir='ltr'>contra</span> <span class='ocrx_word' id='word_1_87' title='bbox 1346 1147 1471 1191; x_wconf 82' lang='lat' dir='ltr'>ausit</span> <span class='ocrx_word' id='word_1_88' title='bbox 1502 1146 1609 1190; x_wconf 86' lang='lat' dir='ltr'>vix”</span> <span class='ocrx_word' id='word_1_89' title='bbox 1643 1146 1733 1191; x_wconf 90' lang='lat' dir='ltr'>Sed</span> <span class='ocrx_word' id='word_1_90' title='bbox 1760 1147 1902 1205; x_wconf 72' lang='lat' dir='ltr'>„klug</span> <span class='ocrx_word' id='word_1_91' title='bbox 1932 1159 2062 1205; x_wconf 85' lang='lat' dir='ltr'>ange·</span> 
     </span>
     <span class='ocr_line' id='line_1_13' title="bbox 360 1217 2061 1274; baseline 0.001 -12"><span class='ocrx_word' id='word_1_92' title='bbox 360 1218 498 1262; x_wconf 88' lang='lat' dir='ltr'>stellte</span> <span class='ocrx_word' id='word_1_93' title='bbox 545 1217 866 1274; x_wconf 86' lang='lat' dir='ltr'>Ziichtungen&#39;‘</span> <span class='ocrx_word' id='word_1_94' title='bbox 913 1230 1002 1262; x_wconf 90' lang='lat' dir='ltr'>non</span> <span class='ocrx_word' id='word_1_95' title='bbox 1051 1227 1194 1274; x_wconf 91' lang='lat' dir='ltr'>potest</span> <span class='ocrx_word' id='word_1_96' title='bbox 1243 1219 1432 1274; x_wconf 87' lang='lat' dir='ltr'>exprimi</span> <span class='ocrx_word' id='word_1_97' title='bbox 1481 1218 1631 1262; x_wconf 89' lang='lat' dir='ltr'>verbis</span> <span class='ocrx_word' id='word_1_98' title='bbox 1678 1217 1844 1262; x_wconf 89' lang='lat' dir='ltr'>Latinis</span> <span class='ocrx_word' id='word_1_99' title='bbox 1887 1218 2061 1263; x_wconf 79' lang='lat' dir='ltr'>dociles</span> 
     </span>
     <span class='ocr_line' id='line_1_14' title="bbox 360 1292 530 1332; baseline -0.006 0"><span class='ocrx_word' id='word_1_100' title='bbox 360 1292 530 1332; x_wconf 78' lang='lat' dir='ltr'>coetuS.</span> 
     </span>
    </p>

    <p class='ocr_par' dir='ltr' id='par_1_5' title="bbox 361 1358 2062 1910">
     <span class='ocr_line' id='line_1_15' title="bbox 420 1358 2059 1416; baseline 0.001 -13"><span class='ocrx_word' id='word_1_101' title='bbox 420 1358 675 1404; x_wconf 87' lang='lat' dir='ltr'>Vollmerus</span> <span class='ocrx_word' id='word_1_102' title='bbox 721 1371 804 1415; x_wconf 90' lang='lat' dir='ltr'>pro</span> <span class='ocrx_word' id='word_1_103' title='bbox 851 1359 927 1403; x_wconf 86' lang='lat' dir='ltr'>ille</span> <span class='ocrx_word' id='word_1_104' title='bbox 972 1360 1145 1416; x_wconf 88' lang='lat' dir='ltr'>scripsit</span> <span class='ocrx_word' id='word_1_105' title='bbox 1192 1359 1287 1414; x_wconf 89' lang='lat' dir='ltr'>illa,</span> <span class='ocrx_word' id='word_1_106' title='bbox 1319 1371 1432 1416; x_wconf 89' lang='lat' dir='ltr'>quae</span> <span class='ocrx_word' id='word_1_107' title='bbox 1463 1360 1715 1404; x_wconf 88' lang='lat' dir='ltr'>coniectura</span> <span class='ocrx_word' id='word_1_108' title='bbox 1748 1360 1852 1409; x_wconf 88' lang='lat' dir='ltr'>mihi</span> <span class='ocrx_word' id='word_1_109' title='bbox 1883 1359 2059 1416; x_wconf 90' lang='lat' dir='ltr'>quidem</span> 
     </span>
     <span class='ocr_line' id='line_1_16' title="bbox 362 1430 2061 1487; baseline 0.001 -13"><span class='ocrx_word' id='word_1_110' title='bbox 362 1430 469 1474; x_wconf 73' lang='lat' dir='ltr'>falsa</span> <span class='ocrx_word' id='word_1_111' title='bbox 502 1431 694 1485; x_wconf 90' lang='lat' dir='ltr'>videtur;</span> <span class='ocrx_word' id='word_1_112' title='bbox 726 1442 778 1474; x_wconf 90' lang='lat' dir='ltr'>ea</span> <span class='ocrx_word' id='word_1_113' title='bbox 799 1431 926 1474; x_wconf 68' lang='lat' dir='ltr'>‘enim</span> <span class='ocrx_word' id='word_1_114' title='bbox 964 1431 1271 1475; x_wconf 87' lang='lat' dir='ltr'>emendatione</span> <span class='ocrx_word' id='word_1_115' title='bbox 1303 1431 1532 1487; x_wconf 88' lang='lat' dir='ltr'>adsumpta</span> <span class='ocrx_word' id='word_1_116' title='bbox 1565 1431 1701 1475; x_wconf 89' lang='lat' dir='ltr'>verba</span> <span class='ocrx_word' id='word_1_117' title='bbox 1731 1432 1788 1475; x_wconf 90' lang='lat' dir='ltr'>ita</span> <span class='ocrx_word' id='word_1_118' title='bbox 1818 1431 2061 1475; x_wconf 87' lang='lat' dir='ltr'>ordinanda</span> 
     </span>
     <span class='ocr_line' id='line_1_17' title="bbox 362 1501 2061 1558; baseline 0 -13"><span class='ocrx_word' id='word_1_119' title='bbox 362 1510 480 1545; x_wconf 89' lang='lat' dir='ltr'>sunt:</span> <span class='ocrx_word' id='word_1_120' title='bbox 528 1513 658 1558; x_wconf 89' lang='lat' dir='ltr'>quam</span> <span class='ocrx_word' id='word_1_121' title='bbox 706 1501 878 1545; x_wconf 90' lang='lat' dir='ltr'>validus</span> <span class='ocrx_word' id='word_1_122' title='bbox 923 1502 1005 1546; x_wconf 90' lang='lat' dir='ltr'>erit</span> <span class='ocrx_word' id='word_1_123' title='bbox 1050 1503 1092 1546; x_wconf 93' lang='lat' dir='ltr'>in</span> <span class='ocrx_word' id='word_1_124' title='bbox 1128 1503 1373 1547; x_wconf 59' lang='lat' dir='ltr'>venatione*</span> <span class='ocrx_word' id='word_1_125' title='bbox 1390 1503 1428 1545; x_wconf 93' lang='lat' dir='ltr'>is</span> <span class='ocrx_word' id='word_1_126' title='bbox 1459 1503 1583 1546; x_wconf 92' lang='lat' dir='ltr'>cuius</span> <span class='ocrx_word' id='word_1_127' title='bbox 1614 1501 1779 1545; x_wconf 87' lang='lat' dir='ltr'>dociles</span> <span class='ocrx_word' id='word_1_128' title='bbox 1809 1510 1962 1546; x_wconf 88' lang='lat' dir='ltr'>coetus</span> <span class='ocrx_word' id='word_1_129' title='bbox 1991 1501 2061 1546; x_wconf 86' lang='lat' dir='ltr'>illa</span> 
     </span>
     <span class='ocr_line' id='line_1_18' title="bbox 361 1570 2062 1629; baseline 0.001 -14"><span class='ocrx_word' id='word_1_130' title='bbox 361 1570 407 1629; x_wconf 88' lang='lat' dir='ltr'>(i.</span> <span class='ocrx_word' id='word_1_131' title='bbox 424 1583 463 1615; x_wconf 93' lang='lat' dir='ltr'>e.</span> <span class='ocrx_word' id='word_1_132' title='bbox 506 1570 669 1629; x_wconf 90' lang='lat' dir='ltr'>Sicula)</span> <span class='ocrx_word' id='word_1_133' title='bbox 712 1573 916 1628; x_wconf 87' lang='lat' dir='ltr'>pecuaria</span> <span class='ocrx_word' id='word_1_134' title='bbox 957 1573 1243 1629; x_wconf 87' lang='lat' dir='ltr'>praebebunt.</span> <span class='ocrx_word' id='word_1_135' title='bbox 1306 1571 1505 1616; x_wconf 86' lang='lat' dir='ltr'>Primum</span> <span class='ocrx_word' id='word_1_136' title='bbox 1539 1573 1675 1616; x_wconf 86' lang='lat' dir='ltr'>verba</span> <span class='ocrx_word' id='word_1_137' title='bbox 1705 1571 1877 1616; x_wconf 85' lang='lat' dir='ltr'>dociles</span> <span class='ocrx_word' id='word_1_138' title='bbox 1906 1575 2062 1617; x_wconf 81' lang='lat' dir='ltr'>coetus</span> 
     </span>
     <span class='ocr_line' id='line_1_19' title="bbox 361 1641 2060 1701; baseline -0.001 -14"><span class='ocrx_word' id='word_1_139' title='bbox 361 1655 500 1699; x_wconf 83' lang='lat' dir='ltr'>aeque</span> <span class='ocrx_word' id='word_1_140' title='bbox 531 1641 718 1686; x_wconf 85' lang='lat' dir='ltr'>difficilia</span> <span class='ocrx_word' id='word_1_141' title='bbox 750 1651 945 1696; x_wconf 89' lang='lat' dir='ltr'>manent;</span> <span class='ocrx_word' id='word_1_142' title='bbox 979 1643 1138 1687; x_wconf 88' lang='lat' dir='ltr'>durum</span> <span class='ocrx_word' id='word_1_143' title='bbox 1170 1652 1398 1699; x_wconf 89' lang='lat' dir='ltr'>praeterea</span> <span class='ocrx_word' id='word_1_144' title='bbox 1430 1643 1706 1700; x_wconf 87' lang='lat' dir='ltr'>hyperbaton</span> <span class='ocrx_word' id='word_1_145' title='bbox 1739 1644 1890 1698; x_wconf 87' lang='lat' dir='ltr'>oritur,</span> <span class='ocrx_word' id='word_1_146' title='bbox 1926 1643 2060 1701; x_wconf 85' lang='lat' dir='ltr'>quod,</span> 
     </span>
     <span class='ocr_line' id='line_1_20' title="bbox 362 1713 2061 1771; baseline 0.001 -15"><span class='ocrx_word' id='word_1_147' title='bbox 362 1715 398 1757; x_wconf 91' lang='lat' dir='ltr'>si</span> <span class='ocrx_word' id='word_1_148' title='bbox 429 1713 633 1757; x_wconf 89' lang='lat' dir='ltr'>traditum</span> <span class='ocrx_word' id='word_1_149' title='bbox 664 1722 792 1765; x_wconf 89' lang='lat' dir='ltr'>essct,</span> <span class='ocrx_word' id='word_1_150' title='bbox 825 1713 1066 1767; x_wconf 89' lang='lat' dir='ltr'>ferremus;</span> <span class='ocrx_word' id='word_1_151' title='bbox 1100 1713 1219 1769; x_wconf 92' lang='lat' dir='ltr'>quod</span> <span class='ocrx_word' id='word_1_152' title='bbox 1250 1722 1395 1758; x_wconf 89' lang='lat' dir='ltr'>tamen</span> <span class='ocrx_word' id='word_1_153' title='bbox 1418 1715 1669 1758; x_wconf 87' lang='lat' dir='ltr'>coniectura</span> <span class='ocrx_word' id='word_1_154' title='bbox 1689 1715 1733 1758; x_wconf 90' lang='lat' dir='ltr'>in</span> <span class='ocrx_word' id='word_1_155' title='bbox 1756 1722 1876 1758; x_wconf 90' lang='lat' dir='ltr'>textu</span> <span class='ocrx_word' id='word_1_156' title='bbox 1894 1726 2061 1771; x_wconf 86' lang='lat' dir='ltr'>ponere</span> 
     </span>
     <span class='ocr_line' id='line_1_21' title="bbox 363 1783 2059 1842; baseline 0.001 -14"><span class='ocrx_word' id='word_1_157' title='bbox 363 1786 507 1828; x_wconf 90' lang='lat' dir='ltr'>minus</span> <span class='ocrx_word' id='word_1_158' title='bbox 540 1784 712 1828; x_wconf 90' lang='lat' dir='ltr'>videtur</span> <span class='ocrx_word' id='word_1_159' title='bbox 743 1792 896 1838; x_wconf 90' lang='lat' dir='ltr'>tutum,</span> <span class='ocrx_word' id='word_1_160' title='bbox 928 1784 1025 1828; x_wconf 91' lang='lat' dir='ltr'>licet</span> <span class='ocrx_word' id='word_1_161' title='bbox 1056 1785 1150 1840; x_wconf 91' lang='lat' dir='ltr'>ipse</span> <span class='ocrx_word' id='word_1_162' title='bbox 1183 1783 1436 1828; x_wconf 89' lang='lat' dir='ltr'>Vollmerus</span> <span class='ocrx_word' id='word_1_163' title='bbox 1468 1793 1694 1842; x_wconf 89' lang='lat' dir='ltr'>comparet</span> <span class='ocrx_word' id='word_1_164' title='bbox 1718 1783 1879 1829; x_wconf 91' lang='lat' dir='ltr'>Grattii</span> <span class='ocrx_word' id='word_1_165' title='bbox 1903 1798 1967 1829; x_wconf 91' lang='lat' dir='ltr'>vs.</span> <span class='ocrx_word' id='word_1_166' title='bbox 1987 1784 2059 1829; x_wconf 87' lang='lat'>73.</span> 
     </span>
     <span class='ocr_line' id='line_1_22' title="bbox 370 1853 1519 1910; baseline -0.001 -11"><span class='ocrx_word' id='word_1_167' title='bbox 370 1854 468 1910; x_wconf 86' lang='lat' dir='ltr'>l72;</span> <span class='ocrx_word' id='word_1_168' title='bbox 503 1854 678 1898; x_wconf 88' lang='lat' dir='ltr'>Lucret.</span> <span class='ocrx_word' id='word_1_169' title='bbox 713 1853 789 1897; x_wconf 95' lang='lat' dir='ltr'>VI.</span> <span class='ocrx_word' id='word_1_170' title='bbox 829 1853 934 1909; x_wconf 86' lang='lat'>176;</span> <span class='ocrx_word' id='word_1_171' title='bbox 971 1853 1083 1898; x_wconf 86' lang='lat' dir='ltr'>Hor.</span> <span class='ocrx_word' id='word_1_172' title='bbox 1117 1867 1250 1898; x_wconf 87' lang='lat' dir='ltr'>serm.</span> <span class='ocrx_word' id='word_1_173' title='bbox 1283 1853 1337 1898; x_wconf 90' lang='lat'>11.</span> <span class='ocrx_word' id='word_1_174' title='bbox 1377 1855 1410 1898; x_wconf 88' lang='lat'>1.</span> <span class='ocrx_word' id='word_1_175' title='bbox 1444 1854 1519 1898; x_wconf 86' lang='lat'>60.</span> 
     </span>
    </p>

    <p class='ocr_par' dir='ltr' id='par_1_6' title="bbox 364 1923 2061 2053">
     <span class='ocr_line' id='line_1_23' title="bbox 424 1923 2061 1982; baseline 0.001 -14"><span class='ocrx_word' id='word_1_176' title='bbox 424 1925 547 1982; x_wconf 90' lang='lat' dir='ltr'>Quid</span> <span class='ocrx_word' id='word_1_177' title='bbox 592 1925 754 1981; x_wconf 70' lang='lat' dir='ltr'>igitur}&gt;</span> <span class='ocrx_word' id='word_1_178' title='bbox 818 1923 936 1969; x_wconf 90' lang='lat' dir='ltr'>Cum</span> <span class='ocrx_word' id='word_1_179' title='bbox 980 1924 1138 1969; x_wconf 87' lang='lat' dir='ltr'>Aldina</span> <span class='ocrx_word' id='word_1_180' title='bbox 1179 1928 1334 1974; x_wconf 76' lang='lat' dir='ltr'>coetus</span> <span class='ocrx_word' id='word_1_181' title='bbox 1364 1926 1545 1969; x_wconf 88' lang='lat' dir='ltr'>restituo</span> <span class='ocrx_word' id='word_1_182' title='bbox 1569 1923 1790 1982; x_wconf 76' lang='lat' dir='ltr'>f(o)etu.s·,</span> <span class='ocrx_word' id='word_1_183' title='bbox 1822 1937 1935 1981; x_wconf 88' lang='lat' dir='ltr'>quae</span> <span class='ocrx_word' id='word_1_184' title='bbox 1965 1937 2061 1972; x_wconf 90' lang='lat' dir='ltr'>cor-</span> 
     </span>
     <span class='ocr_line' id='line_1_24' title="bbox 364 1995 2061 2053; baseline 0 -13"><span class='ocrx_word' id='word_1_185' title='bbox 364 1998 500 2040; x_wconf 90' lang='lat' dir='ltr'>rectio</span> <span class='ocrx_word' id='word_1_186' title='bbox 546 2008 636 2040; x_wconf 92' lang='lat' dir='ltr'>non</span> <span class='ocrx_word' id='word_1_187' title='bbox 682 1996 890 2040; x_wconf 89' lang='lat' dir='ltr'>audacior</span> <span class='ocrx_word' id='word_1_188' title='bbox 937 2008 1067 2053; x_wconf 90' lang='lat' dir='ltr'>quam</span> <span class='ocrx_word' id='word_1_189' title='bbox 1116 1995 1343 2050; x_wconf 88' lang='lat' dir='ltr'>Vollmeri,</span> <span class='ocrx_word' id='word_1_190' title='bbox 1390 2005 1616 2052; x_wconf 87' lang='lat' dir='ltr'>totumque</span> <span class='ocrx_word' id='word_1_191' title='bbox 1648 1996 1792 2040; x_wconf 90' lang='lat' dir='ltr'>locum</span> <span class='ocrx_word' id='word_1_192' title='bbox 1835 1997 1898 2040; x_wconf 92' lang='lat' dir='ltr'>sic</span> <span class='ocrx_word' id='word_1_193' title='bbox 1929 1998 2061 2042; x_wconf 88' lang='lat' dir='ltr'>inter-</span> 
     </span>
    </p>
   </div>
   <div class='ocr_carea' id='block_1_4' title="bbox 365 2064 2087 2123">
    <p class='ocr_par' dir='ltr' id='par_1_7' title="bbox 365 2064 2087 2123">
     <span class='ocr_line' id='line_1_25' title="bbox 365 2064 2087 2123; baseline 0.002 -14"><span class='ocrx_word' id='word_1_194' title='bbox 365 2076 538 2123; x_wconf 88' lang='lat' dir='ltr'>pretor:</span> <span class='ocrx_word' id='word_1_195' title='bbox 573 2078 706 2111; x_wconf 83' lang='lat' dir='ltr'>versu</span> <span class='ocrx_word' id='word_1_196' title='bbox 738 2066 826 2110; x_wconf 87' lang='lat'>526</span> <span class='ocrx_word' id='word_1_197' title='bbox 857 2078 953 2123; x_wconf 90' lang='lat' dir='ltr'>sqq.</span> <span class='ocrx_word' id='word_1_198' title='bbox 986 2079 1066 2122; x_wconf 89' lang='lat' dir='ltr'>per</span> <span class='ocrx_word' id='word_1_199' title='bbox 1096 2078 1236 2122; x_wconf 86' lang='lat' dir='ltr'>equos</span> <span class='ocrx_word' id='word_1_200' title='bbox 1268 2065 1440 2110; x_wconf 90' lang='lat' dir='ltr'>Siculos</span> <span class='ocrx_word' id='word_1_201' title='bbox 1472 2065 1588 2110; x_wconf 82' lang='lat' dir='ltr'>feras</span> <span class='ocrx_word' id='word_1_202' title='bbox 1627 2066 1854 2123; x_wconf 89' lang='lat' dir='ltr'>reliquisse</span> <span class='ocrx_word' id='word_1_203' title='bbox 1887 2064 2087 2112; x_wconf 85' lang='lat' dir='ltr'>montes</span> 
     </span>
    </p>
   </div>
   <div class='ocr_carea' id='block_1_5' title="bbox 364 2137 2063 2617">
    <p class='ocr_par' dir='ltr' id='par_1_8' title="bbox 364 2137 2063 2410">
     <span class='ocr_line' id='line_1_26' title="bbox 364 2137 2063 2194; baseline 0.001 -13"><span class='ocrx_word' id='word_1_204' title='bbox 364 2147 492 2194; x_wconf 88' lang='lat' dir='ltr'>poeta</span> <span class='ocrx_word' id='word_1_205' title='bbox 523 2146 684 2190; x_wconf 87' lang='lat' dir='ltr'>narrat,</span> <span class='ocrx_word' id='word_1_206' title='bbox 716 2138 875 2182; x_wconf 88' lang='lat' dir='ltr'>deinde</span> <span class='ocrx_word' id='word_1_207' title='bbox 907 2138 1056 2181; x_wconf 91' lang='lat' dir='ltr'>verbis</span> <span class='ocrx_word' id='word_1_208' title='bbox 1086 2137 1166 2180; x_wconf 92' lang='lat' dir='ltr'>illis</span> <span class='ocrx_word' id='word_1_209' title='bbox 1214 2149 1267 2190; x_wconf 92' lang='lat' dir='ltr'>„o</span> <span class='ocrx_word' id='word_1_210' title='bbox 1299 2146 1487 2193; x_wconf 91' lang='lat' dir='ltr'>quantus</span> <span class='ocrx_word' id='word_1_211' title='bbox 1517 2137 1560 2180; x_wconf 90' lang='lat' dir='ltr'>in</span> <span class='ocrx_word' id='word_1_212' title='bbox 1593 2137 1738 2181; x_wconf 82' lang='lat' dir='ltr'>armis</span> <span class='ocrx_word' id='word_1_213' title='bbox 1767 2139 1890 2194; x_wconf 86' lang='lat' dir='ltr'>eqs.&#39;&#39;</span> <span class='ocrx_word' id='word_1_214' title='bbox 1913 2147 2063 2183; x_wconf 91' lang='lat' dir='ltr'>monet</span> 
     </span>
     <span class='ocr_line' id='line_1_27' title="bbox 364 2207 2063 2264; baseline 0.001 -11"><span class='ocrx_word' id='word_1_215' title='bbox 364 2209 593 2264; x_wconf 83' lang='lat' dir='ltr'>legentem,</span> <span class='ocrx_word' id='word_1_216' title='bbox 640 2210 787 2263; x_wconf 90' lang='lat' dir='ltr'>quanti</span> <span class='ocrx_word' id='word_1_217' title='bbox 832 2209 1040 2252; x_wconf 89' lang='lat' dir='ltr'>momenti</span> <span class='ocrx_word' id='word_1_218' title='bbox 1084 2209 1282 2252; x_wconf 89' lang='lat' dir='ltr'>venatori</span> <span class='ocrx_word' id='word_1_219' title='bbox 1313 2209 1414 2264; x_wconf 88' lang='lat' dir='ltr'>equi</span> <span class='ocrx_word' id='word_1_220' title='bbox 1445 2207 1610 2252; x_wconf 88' lang='lat' dir='ltr'>dociles</span> <span class='ocrx_word' id='word_1_221' title='bbox 1640 2233 1698 2239; x_wconf 97' lang='lat'>—</span> <span class='ocrx_word' id='word_1_222' title='bbox 1729 2209 1755 2252; x_wconf 86' lang='lat' dir='ltr'>i.</span> <span class='ocrx_word' id='word_1_223' title='bbox 1774 2220 1813 2252; x_wconf 90' lang='lat' dir='ltr'>e.</span> <span class='ocrx_word' id='word_1_224' title='bbox 1844 2209 1898 2252; x_wconf 91' lang='lat' dir='ltr'>ad</span> <span class='ocrx_word' id='word_1_225' title='bbox 1930 2221 2063 2254; x_wconf 84' lang='lat' dir='ltr'>vena·</span> 
     </span>
     <span class='ocr_line' id='line_1_28' title="bbox 364 2279 2061 2335; baseline 0.001 -12"><span class='ocrx_word' id='word_1_226' title='bbox 364 2280 526 2323; x_wconf 89' lang='lat' dir='ltr'>tionem</span> <span class='ocrx_word' id='word_1_227' title='bbox 573 2280 659 2334; x_wconf 91' lang='lat' dir='ltr'>apti</span> <span class='ocrx_word' id='word_1_228' title='bbox 708 2303 760 2311; x_wconf 88' lang='lat'>—</span> <span class='ocrx_word' id='word_1_229' title='bbox 809 2280 916 2334; x_wconf 91' lang='lat' dir='ltr'>sint;</span> <span class='ocrx_word' id='word_1_230' title='bbox 963 2279 1175 2322; x_wconf 89' lang='lat' dir='ltr'>sententia</span> <span class='ocrx_word' id='word_1_231' title='bbox 1222 2279 1350 2335; x_wconf 87' lang='lat' dir='ltr'>igitur</span> <span class='ocrx_word' id='word_1_232' title='bbox 1381 2279 1489 2322; x_wconf 90' lang='lat' dir='ltr'>haec</span> <span class='ocrx_word' id='word_1_233' title='bbox 1520 2287 1607 2322; x_wconf 88' lang='lat' dir='ltr'>est:</span> <span class='ocrx_word' id='word_1_234' title='bbox 1644 2290 1697 2330; x_wconf 89' lang='lat'>„0</span> <span class='ocrx_word' id='word_1_235' title='bbox 1729 2291 1859 2335; x_wconf 86' lang='lat' dir='ltr'>quam</span> <span class='ocrx_word' id='word_1_236' title='bbox 1893 2279 2061 2324; x_wconf 90' lang='lat' dir='ltr'>validus</span> 
     </span>
     <span class='ocr_line' id='line_1_29' title="bbox 364 2348 2060 2410; baseline 0.001 -18"><span class='ocrx_word' id='word_1_237' title='bbox 364 2351 444 2393; x_wconf 90' lang='lat' dir='ltr'>erit</span> <span class='ocrx_word' id='word_1_238' title='bbox 475 2350 518 2392; x_wconf 91' lang='lat' dir='ltr'>in</span> <span class='ocrx_word' id='word_1_239' title='bbox 542 2350 774 2393; x_wconf 89' lang='lat' dir='ltr'>venatione</span> <span class='ocrx_word' id='word_1_240' title='bbox 791 2349 873 2403; x_wconf 88' lang='lat' dir='ltr'>ille,</span> <span class='ocrx_word' id='word_1_241' title='bbox 892 2350 1013 2410; x_wconf 84' lang='lat' dir='ltr'>cuius</span> <span class='ocrx_word' id='word_1_242' title='bbox 1028 2358 1223 2392; x_wconf 89' lang='lat' dir='ltr'>armenta</span> <span class='ocrx_word' id='word_1_243' title='bbox 1236 2360 1451 2404; x_wconf 90' lang='lat' dir='ltr'>equorum</span> <span class='ocrx_word' id='word_1_244' title='bbox 1469 2348 1633 2392; x_wconf 90' lang='lat' dir='ltr'>dociles</span> <span class='ocrx_word' id='word_1_245' title='bbox 1649 2348 1761 2393; x_wconf 82' lang='lat' dir='ltr'>fetus</span> <span class='ocrx_word' id='word_1_246' title='bbox 1776 2350 2060 2406; x_wconf 89' lang='lat' dir='ltr'>praebebunt.</span> 
     </span>
    </p>

    <p class='ocr_par' dir='ltr' id='par_1_9' title="bbox 366 2411 2061 2617">
     <span class='ocr_line' id='line_1_30' title="bbox 423 2411 2060 2476; baseline 0.001 -13"><span class='ocrx_word' id='word_1_247' title='bbox 423 2411 704 2463; x_wconf 80' lang='lat' dir='ltr'>sufficient:</span> <span class='ocrx_word' id='word_1_248' title='bbox 764 2420 1046 2476; x_wconf 85' lang='lat' dir='ltr'>praebebunt,</span> <span class='ocrx_word' id='word_1_249' title='bbox 1106 2420 1157 2463; x_wconf 85' lang='lat' dir='ltr'>cf.</span> <span class='ocrx_word' id='word_1_250' title='bbox 1211 2418 1352 2463; x_wconf 89' lang='lat' dir='ltr'>Gratt.</span> <span class='ocrx_word' id='word_1_251' title='bbox 1410 2420 1489 2462; x_wconf 82' lang='lat'>145</span> <span class='ocrx_word' id='word_1_252' title='bbox 1540 2419 1614 2463; x_wconf 86' lang='lat' dir='ltr'>his</span> <span class='ocrx_word' id='word_1_253' title='bbox 1659 2419 1705 2462; x_wconf 84' lang='lat' dir='ltr'>si</span> <span class='ocrx_word' id='word_1_254' title='bbox 1743 2420 1846 2474; x_wconf 82' lang='lat' dir='ltr'>quis</span> <span class='ocrx_word' id='word_1_255' title='bbox 1898 2420 2060 2464; x_wconf 82' lang='lat' dir='ltr'>vitium</span> 
     </span>
     <span class='ocr_line' id='line_1_31' title="bbox 366 2488 2061 2547; baseline -0.001 -11"><span class='ocrx_word' id='word_1_256' title='bbox 366 2491 599 2536; x_wconf 82' lang='lat' dir='ltr'>nociturus</span> <span class='ocrx_word' id='word_1_257' title='bbox 642 2488 822 2547; x_wconf 81' lang='lat' dir='ltr'>sufficit</span> <span class='ocrx_word' id='word_1_258' title='bbox 869 2502 1017 2542; x_wconf 63' lang='lat' dir='ltr'>amon·</span> <span class='ocrx_word' id='word_1_259' title='bbox 1064 2489 1197 2546; x_wconf 88' lang='lat' dir='ltr'>Verg.</span> <span class='ocrx_word' id='word_1_260' title='bbox 1251 2488 1419 2546; x_wconf 82' lang='lat' dir='ltr'>Georg.</span> <span class='ocrx_word' id='word_1_261' title='bbox 1467 2489 1541 2533; x_wconf 92' lang='lat'><em>111.</em></span> <span class='ocrx_word' id='word_1_262' title='bbox 1575 2490 1632 2533; x_wconf 88' lang='grc'>65</span> <span class='ocrx_word' id='word_1_263' title='bbox 1663 2493 1801 2545; x_wconf 82' lang='lat' dir='ltr'>atque</span> <span class='ocrx_word' id='word_1_264' title='bbox 1831 2490 1974 2535; x_wconf 87' lang='lat' dir='ltr'>aliam</span> <span class='ocrx_word' id='word_1_265' title='bbox 2003 2502 2061 2534; x_wconf 89' lang='lat' dir='ltr'>ex</span> 
     </span>
     <span class='ocr_line' id='line_1_32' title="bbox 367 2559 1169 2617; baseline -0.004 -11"><span class='ocrx_word' id='word_1_266' title='bbox 367 2562 464 2606; x_wconf 85' lang='lat' dir='ltr'>alia</span> <span class='ocrx_word' id='word_1_267' title='bbox 491 2561 754 2617; x_wconf 82' lang='lat' dir='ltr'>generando</span> <span class='ocrx_word' id='word_1_268' title='bbox 784 2559 954 2617; x_wconf 78' lang='lat' dir='ltr'>suffice</span> <span class='ocrx_word' id='word_1_269' title='bbox 982 2560 1169 2615; x_wconf 83' lang='lat' dir='ltr'>prolem.</span> 
     </span>
    </p>
   </div>
   <div class='ocr_carea' id='block_1_6' title="bbox 984 2701 1444 2757">
    <p class='ocr_par' dir='ltr' id='par_1_10' title="bbox 984 2701 1444 2757">
     <span class='ocr_line' id='line_1_33' title="bbox 984 2701 1444 2757; baseline 0 -13"><span class='ocrx_word' id='word_1_270' title='bbox 984 2701 1024 2745; x_wconf 88' lang='lat'>9.</span> <span class='ocrx_word' id='word_1_271' title='bbox 1065 2701 1182 2756; x_wconf 83' lang='lat' dir='ltr'>Equi</span> <span class='ocrx_word' id='word_1_272' title='bbox 1213 2702 1444 2757; x_wconf 82' lang='lat' dir='ltr'>Epirotici.</span> 
     </span>
    </p>
   </div>
   <div class='ocr_carea' id='block_1_7' title="bbox 370 2841 2062 3185">
    <p class='ocr_par' dir='ltr' id='par_1_11' title="bbox 426 2841 1838 2900">
     <span class='ocr_line' id='line_1_34' title="bbox 426 2841 1838 2900; baseline -0.002 -11"><span class='ocrx_word' id='word_1_273' title='bbox 426 2844 514 2889; x_wconf 86' lang='lat'>530</span> <span class='ocrx_word' id='word_1_274' title='bbox 545 2841 700 2888; x_wconf 90' lang='lat' dir='ltr'>Sicu&#39;lis</span> <span class='ocrx_word' id='word_1_275' title='bbox 730 2852 875 2887; x_wconf 89' lang='lat' dir='ltr'>autem</span> <span class='ocrx_word' id='word_1_276' title='bbox 906 2843 1042 2886; x_wconf 90' lang='lat' dir='ltr'>multo</span> <span class='ocrx_word' id='word_1_277' title='bbox 1073 2843 1314 2887; x_wconf 88' lang='lat' dir='ltr'>deteriores</span> <span class='ocrx_word' id='word_1_278' title='bbox 1343 2853 1443 2887; x_wconf 90' lang='lat' dir='ltr'>sunt</span> <span class='ocrx_word' id='word_1_279' title='bbox 1473 2844 1573 2900; x_wconf 87' lang='lat' dir='ltr'>equi</span> <span class='ocrx_word' id='word_1_280' title='bbox 1606 2842 1838 2897; x_wconf 84' lang='lat' dir='ltr'>Epirotici.</span> 
     </span>
    </p>

    <p class='ocr_par' dir='ltr' id='par_1_12' title="bbox 370 2912 2062 3185">
     <span class='ocr_line' id='line_1_35' title="bbox 428 2912 2059 2971; baseline -0.002 -13"><span class='ocrx_word' id='word_1_281' title='bbox 428 2915 546 2971; x_wconf 87' lang='lat' dir='ltr'>quis</span> <span class='ocrx_word' id='word_1_282' title='bbox 579 2913 846 2958; x_wconf 87' lang='lat' dir='ltr'>Chaonios</span> <span class='ocrx_word' id='word_1_283' title='bbox 877 2913 1192 2957; x_wconf 87' lang='lat' dir='ltr'>contendere</span> <span class='ocrx_word' id='word_1_284' title='bbox 1214 2915 1399 2957; x_wconf 87' lang='lat' dir='ltr'>contra</span> <span class='ocrx_word' id='word_1_285' title='bbox 1429 2919 1449 2966; x_wconf 91' lang='grc' dir='ltr'><em>Ι</em></span> <span class='ocrx_word' id='word_1_286' title='bbox 1477 2913 1644 2957; x_wconf 90' lang='lat' dir='ltr'>ausit:</span> <span class='ocrx_word' id='word_1_287' title='bbox 1666 2912 1791 2967; x_wconf 81' lang='lat' dir='ltr'>quis:</span> <span class='ocrx_word' id='word_1_288' title='bbox 1814 2923 2059 2968; x_wconf 89' lang='lat' dir='ltr'>pronomen</span> 
     </span>
     <span class='ocr_line' id='line_1_36' title="bbox 370 2982 2062 3041; baseline -0.003 -11"><span class='ocrx_word' id='word_1_289' title='bbox 370 2985 767 3041; x_wconf 60' lang='lat' dir='ltr'>interrogativum</span> <span class='ocrx_word' id='word_1_290' title='bbox 808 2984 1059 3028; x_wconf 89' lang='lat' dir='ltr'>Vollmerus</span> <span class='ocrx_word' id='word_1_291' title='bbox 1106 2983 1208 3038; x_wconf 83' lang='lat' dir='ltr'>quis</span> <span class='ocrx_word' id='word_1_292' title='bbox 1253 2984 1338 3028; x_wconf 91' lang='lat' dir='ltr'>hoc</span> <span class='ocrx_word' id='word_1_293' title='bbox 1378 2996 1511 3028; x_wconf 88' lang='lat' dir='ltr'>versu</span> <span class='ocrx_word' id='word_1_294' title='bbox 1545 2983 1708 3038; x_wconf 80' lang='lat' dir='ltr'>quibus</span> <span class='ocrx_word' id='word_1_295' title='bbox 1739 2982 1901 3040; x_wconf 87' lang='lat' dir='ltr'>(ablat.)</span> <span class='ocrx_word' id='word_1_296' title='bbox 1931 2983 2062 3026; x_wconf 89' lang='lat' dir='ltr'>inter-</span> 
     </span>
     <span class='ocr_line' id='line_1_37' title="bbox 370 3055 2060 3112; baseline -0.003 -11"><span class='ocrx_word' id='word_1_297' title='bbox 370 3066 586 3112; x_wconf 88' lang='lat' dir='ltr'>pretatur;</span> <span class='ocrx_word' id='word_1_298' title='bbox 633 3058 695 3100; x_wconf 90' lang='lat' dir='ltr'>sic</span> <span class='ocrx_word' id='word_1_299' title='bbox 726 3066 867 3104; x_wconf 87' lang='lat' dir='ltr'>tamen</span> <span class='ocrx_word' id='word_1_300' title='bbox 903 3056 1039 3098; x_wconf 87' lang='lat' dir='ltr'>oritur</span> <span class='ocrx_word' id='word_1_301' title='bbox 1070 3055 1282 3098; x_wconf 89' lang='lat' dir='ltr'>sententia</span> <span class='ocrx_word' id='word_1_302' title='bbox 1313 3056 1454 3098; x_wconf 91' lang='lat' dir='ltr'>minus</span> <span class='ocrx_word' id='word_1_303' title='bbox 1486 3064 1598 3110; x_wconf 88' lang='lat' dir='ltr'>apta,</span> <span class='ocrx_word' id='word_1_304' title='bbox 1631 3066 1731 3097; x_wconf 88' lang='lat' dir='ltr'>nam</span> <span class='ocrx_word' id='word_1_305' title='bbox 1763 3062 1853 3097; x_wconf 92' lang='lat' dir='ltr'>tum</span> <span class='ocrx_word' id='word_1_306' title='bbox 1875 3062 2060 3109; x_wconf 68' lang='lat' dir='ltr'>‘poetam</span> 
     </span>
     <span class='ocr_line' id='line_1_38' title="bbox 371 3122 2060 3185; baseline -0.003 -15"><span class='ocrx_word' id='word_1_307' title='bbox 371 3128 454 3171; x_wconf 89' lang='lat' dir='ltr'>hoc</span> <span class='ocrx_word' id='word_1_308' title='bbox 486 3128 702 3172; x_wconf 89' lang='lat' dir='ltr'>dicentem</span> <span class='ocrx_word' id='word_1_309' title='bbox 734 3127 854 3170; x_wconf 88' lang='lat' dir='ltr'>facit:</span> <span class='ocrx_word' id='word_1_310' title='bbox 888 3123 1017 3181; x_wconf 85' lang='lat' dir='ltr'>quam</span> <span class='ocrx_word' id='word_1_311' title='bbox 1052 3124 1219 3168; x_wconf 87' lang='lat' dir='ltr'>validus</span> <span class='ocrx_word' id='word_1_312' title='bbox 1251 3125 1320 3168; x_wconf 91' lang='lat' dir='ltr'>ille</span> <span class='ocrx_word' id='word_1_313' title='bbox 1352 3126 1394 3167; x_wconf 90' lang='lat' dir='ltr'>in</span> <span class='ocrx_word' id='word_1_314' title='bbox 1428 3125 1673 3178; x_wconf 89' lang='lat' dir='ltr'>venatione,</span> <span class='ocrx_word' id='word_1_315' title='bbox 1706 3124 1778 3179; x_wconf 92' lang='lat' dir='ltr'>qui</span> <span class='ocrx_word' id='word_1_316' title='bbox 1810 3134 1949 3185; x_wconf 88' lang='lat' dir='ltr'>equos</span> <span class='ocrx_word' id='word_1_317' title='bbox 1980 3122 2060 3166; x_wconf 89' lang='lat' dir='ltr'>sibi</span> 
     </span>
    </p>
   </div>
  </div>
 </body>
</html>
