2210 3568
994 271 1053 317 25

84 422 89 426 ·
220 403 542 454 prooemium.-
581 403 749 459 1—243
781 403 973 448 61-75,

209 454 299 531 de
309 474 486 521 retibus
496 487 514 520 .·
542 473 714 520 24-61
724 509 734 520 .

131 549 174 605 53„
213 546 283 595 *de
307 549 546 604 pennata.-
574 546 768 592 75—89.

39 663 62 681 ,ἢ
206 618 284 664 ,αα
311 617 521 675 laqueis.-
549 616 744 662 89—92.

203 730 205 732 .
221 689 283 736 de
306 689 516 747 pedicis:
548 687 609 734 92
622 687 742 733 —95.

105 748 330 823 μ’·’ῑιαηε
360 759 542 818 Dercyzi
571 759 852 805 inventoris.-
881 758 1105 804 95—108.

219 833 283 879 ae
311 831 466 878 uastis
495 833 543 877 et
570 830 788 888 sagmis:
825 830 1072 876 108-127.

20 919 23 924 ·
218 905 282 951 ae
310 903 439 962 tigm
468 902 622 949 hastis
642 901 884 960 faciendis
914 905 1049 959 apto.-
1086 902 1333 950 127—150.

197 1019 202 1023 .
220 975 284 1022 ae
311 974 534 1022 cannas.-
569 972 816 1019 150—213.

218 1047 342 1094 taus.
360 1045 634 1104 Hagnonis:
661 1044 926 1100 213—220;
957 1045 1213 1091 249—253.

78 1127 125 1149 1
161 1152 163 1158 .
218 1118 282 1165 de
311 1115 575 1175 inetagonte
589 1137 606 1161 .·
638 1115 894 1161 220—249.

221 1190 284 1236 ae
318 1188 470 1236 Thoe:
501 1187 759 1233 253-263.

219 1261 283 1308 de
309 1272 479 1307 canum
510 1259 738 1305 coitione:
767 1259 1021 1305 263—269.

72 1325 122 1387 ᾖ,
187 1361 196 1364 ss-
216 1332 283 1378 'cle
310 1331 462 1389 signis
491 1331 626 1377 canis
656 1331 853 1388 egregii:
884 1331 1138 1376 269—279.

217 1404 280 1450 de
308 1414 426 1450 cane
451 1402 682 1460 gravida:
712 1402 966 1448 279—290.

217 1475 284 1521 de
310 1475 502 1532 optimis
529 1474 702 1520 catalis
732 1474 960 1531 eligendis
974 1487 989 1518 :
1019 1474 1272 1520 290-301.

220 1546 285 1592 de
310 1546 484 1592 catulis
511 1551 635 1591 recte
663 1546 878 1591 alendis.-
907 1546 1160 1592 301—310.

222 1614 286 1664 de
314 1618 530 1664 luxuria:
560 1617 815 1663 310-326.

220 1691 286 1737 de
315 1690 540 1748 magistro
569 1689 827 1736 catulorum
841 1701 859 1734 .·
888 1689 1141 1735 326—337.

58 1795 70 1813 t
221 1761 285 1808 de
312 1761 486 1807 vestitu
514 1761 783 1806 venatoris:
816 1760 1069 1806 337—344.

58 1828 63 1838 '
136 1864 144 1871 -
223 1833 287 1879 de
316 1832 490 1880 morbis
518 1844 717 1878 canum:
749 1832 1002 1877 344—497.
1039 1833 1098 1877 de
1129 1833 1390 1879 morborum
1420 1835 1608 1880 causis:
1639 1834 1892 1880 366—383.

225 1916 266 1952 a.
317 1905 378 1950 de
406 1904 674 1950 vulneribus
687 1924 704 1948 .·
736 1904 991 1950 344—366.

36 1992 55 2039 [τ
228 1978 270 2023 b.
321 1976 381 2022 de
410 1975 540 2038 rabie
553 1989 569 2021 .·
599 1975 852 2022 383-408.

119 2107 122 2110 ‚
222 2060 266 2095 c.
318 2048 379 2094 de
407 2047 565 2093 scabie
579 2067 595 2092 .·
628 2047 868 2093 408—464
901 2047 976 2105 (de
1006 2051 1143 2093 antro
1180 2048 1400 2094 Vulcani:
1434 2050 1704 2106 430-464).

41 2132 47 2143 ¹
223 2120 271 2167 d.
321 2119 382 2165 de
411 2119 572 2164 robore
587 2139 602 2163 .·
635 2118 888 2165 464-477,

225 2204 267 2239 e.
322 2191 382 2236 de
411 2191 547 2247 tussi,
578 2194 780 2246 veterno,
808 2191 1022 2248 podagra
1035 2203 1053 2237 .·
1082 2191 1334 2238 477—479.

34 2277 48 2322 x,
226 2263 259 2309 f.
323 2263 384 2308 de
415 2262 600 2309 Dianae
628 2262 860 2319 sacrificio
874 2275 891 2308 .·
921 2262 1174 2308 479-497.

62 2368 65 2376 s
122 2382 127 2389 s
227 2334 287 2380 de
316 2334 480 2391 equis:
511 2334 765 2380 497—-541,

27 2521 59 2527 ,.
228 2476 278 2525 Si
308 2478 409 2536 quis
438 2477 628 2533 dubitat„
650 2486 799 2522 utrum
832 2477 1076 2524 Schanzius
1107 2488 1228 2524 recte
1258 2480 1534 2524 contenderit
1566 2489 1723 2538 poetae
1740 2489 1894 2526 nostro

164 2549 276 2595 nihil
317 2550 483 2608 ingenii
522 2562 637 2605 esse,
671 2558 772 2595 ante
802 2551 951 2595 omnia
982 2549 1089 2595 mihi
1119 2549 1234 2608 legat
1264 2550 1412 2596 locum
1443 2550 1579 2608 illum,
1612 2553 1686 2596 ubi
1718 2561 1893 2597 antrum

126 2609 142 2630 “
170 2618 359 2666 Volcani
404 2618 691 2676 describitur;
723 2633 873 2667 nonne
903 2623 1054 2667 omnia
1085 2622 1155 2668 hic
1187 2623 1317 2680 plena
1348 2623 1567 2680 dignitatis
1597 2633 1713 2678 sunt,
1746 2636 1894 2668 nonne

164 2700 214 2737 te
257 2703 389 2738 sacro
435 2692 627 2738 horrore
674 2692 982 2750 perfundunt?
1027 2693 1076 2739 Si
1122 2707 1332 2752 unquam,
1380 2707 1516 2740 versu
1547 2695 1635 2739 445
1667 2695 1893 2740 alliteratio

39 2757 41 2766 ’
167 2763 286 2809 bene
316 2762 572 2809 adhibetur:

349 2836 469 2881 venit
500 2847 643 2881 ovans
676 2835 852 2881 Austris
883 2845 926 2882 et
958 2838 1096 2883 multo
1128 2838 1308 2883 flumine
1340 2838 1543 2883 flammae
1564 2841 1584 2892 l
1604 2839 1761 2883 emicat
1783 2838 1892 2894 ipse.

229 2905 376 2964 Legas
427 2907 560 2953 velim
613 2920 787 2963 versus,
839 2909 1000 2966 quibus
1050 2910 1220 2955 catulus
1270 2912 1384 2955 inter
1445 2919 1619 2955 ceteros
1671 2908 1894 2954 excellens

166 2976 458 3023 describitur:
820 2982 985 3026 teneris
1016 2983 1093 3026 vix
1124 2983 1291 3027 artibus
1322 2982 1474 3027 haeret

231 3047 313 3094 291
351 3050 422 3095 ille
453 3060 552 3096 tuos
584 3052 688 3096 olim
721 3063 811 3096 non
843 3052 1096 3098 defecturus
1128 3053 1347 3108 honores3

352 3123 530 3179 iamque
560 3123 680 3168 illum
711 3125 928 3181 inpatiens
961 3137 1127 3182 aequae
1158 3124 1437 3170 vehementia
1469 3125 1601 3169 sortis

354 3194 530 3238 extulit:
563 3194 750 3240 adfectat
781 3204 980 3240 materna
1011 3209 1148 3254 regna
1179 3197 1262 3240 sub
1295 3195 1411 3250 alvo,

35 2870 45 2880 λ,

26 2895 55 2919 kg

30 2911 51 2947 t,

11 2961 38 2971 ι,
