2210 3568
384 365 406 389 ,
599 324 1389 381 COMMENTARIUS.

813 523 1171 570 Prooemium.

199 655 514 715 cynegeticon
554 656 848 712 prooemium,
881 654 1001 711 quod
1033 663 1075 700 et
1106 655 1161 699 ad
1194 664 1331 700 totum
1364 668 1479 714 opus
1509 667 1553 701 et
1573 657 1629 701 ad
1650 657 1809 702 librum
1833 657 1867 702 11

4 742 5 745 ¹
46 738 70 775 ς·
136 729 339 787 pertinet,
385 739 446 773 ex
491 727 688 785 partibus
736 735 907 771 constat
955 727 1179 783 quinque:
1232 725 1247 770 1
1297 727 1520 773 indicatio
1567 730 1628 785 (v.
1667 728 1707 787 1)
1738 741 1850 786 quae

55 848 60 858 ,,
134 811 356 846 summam
381 800 512 844 totius
537 799 745 843 carminis
771 798 966 842 breviter
987 797 1167 852 indicat;
1201 797 1239 841 11
1264 798 1500 854 emblema,
1526 798 1709 858 (2—12)
1730 801 1849 857 quod

57 875 61 907 ἶ
136 871 329 918 venandi
358 879 499 916 artem
531 869 760 927 quomodo
792 877 888 914 orta
919 877 962 913 et
991 868 1166 913 exculta
1197 870 1250 913 sit
1282 872 1493 927 exponit;
1528 870 1588 914 111
1611 871 1866 920 numinum.

136 940 369 988 invocatio
418 940 656 999 (13-20);
701 939 766 985 1v
817 940 1081 996 dispositio,
1128 952 1242 997 quae
1290 943 1498 987 carminis
1543 952 1850 999 argumentum

49 1021 53 1027 ‘
135 1014 345 1073 proponit
375 1022 419 1059 et
449 1013 667 1058 distribuit
694 1011 937 1071 (20—23);
967 1011 1008 1056 V
1041 1013 1379 1058 commendatio
1407 1013 1643 1073 (61—72);
1665 1014 1721 1059 cf.
1744 1027 1785 1058 v.
1809 1015 1849 1058 d.

5 1123 20 1133 2
46 1079 55 1128 Ϊ
80 1107 84 1112 ’
139 1083 200 1132 G.
225 1083 364 1143 Engel
385 1082 458 1143 (de
480 1085 762 1141 antiquorum
778 1085 1009 1142 epicorum
1025 1083 1341 1129 didacticorum
1363 1085 1675 1130 historicorum
1697 1097 1853 1142 prooe-

136 1157 250 1212 miis,
293 1155 396 1201 diss
439 1155 585 1213 Marp.
632 1155 775 1214 1910),
818 1156 893 1213 qui
934 1165 1080 1201 tamen
1118 1155 1203 1200 hoc
1246 1158 1526 1213 prooemium
1558 1158 1703 1201 minus
1735 1166 1852 1201 recte
1946 1199 1948 1202 ,

7 1235 11 1257 ³
40 1222 50 1251 ⁵
82 1266 85 1277 ,
136 1218 353 1286 disposuit
382 1239 478 1272 rem
510 1227 705 1272 criticam
738 1239 895 1284 parum
927 1239 1102 1283 curans,
1138 1226 1226 1273 vid.
1258 1227 1283 1271 1.
1317 1227 1345 1271 1.
1378 1241 1420 1285 p.
1453 1228 1511 1272 34
1541 1237 1584 1272 et
1617 1241 1659 1286 p.
1698 1227 1763 1273 10.

202 1299 237 1344 1.
271 1297 424 1344 Dona
440 1309 578 1344 cano
595 1298 805 1343 divom:
822 1297 877 1343 cf.
901 1297 1215 1343 Pseudo-Xen.
1242 1297 1365 1356 Cyn.
1394 1300 1429 1344 l.
1460 1301 1495 1344 1.
1528 1302 1576 1340 τὸ
1598 1301 1672 1353 μὲν
1695 1300 1854 1353 εὕρημα

112 1362 270 1424 'stenem
291 1368 563 1418 ’Λπόλλωνος
595 1372 666 1411 καὶ
696 1367 952 1425 Ἀρτέμιδος,
984 1369 1107 1426 ἄγραι
1139 1372 1209 1411 καὶ
1242 1371 1372 1418 κύνες.

201 1440 398 1500 Oppian.
444 1442 501 1487 de
548 1441 706 1486 Piscat.
757 1441 795 1485 11
851 1442 901 1486 15
950 1446 1075 1486 κεῖνοι
1116 1441 1223 1500 (dei)
1264 1443 1336 1483 καὶ
1378 1442 1530 1498 τέχνας
1576 1440 1853 1497 πολυκερδέας

139 1514 470 1569 ἀνθρώποισιν]
486 1513 628 1558 δῶκαν
659 1515 766 1569 ἔχειν
799 1516 870 1555 καὶ
903 1522 1049 1558 πᾶσαν
1079 1515 1366 1569 ἐπιφροσύνην
1397 1514 1584 1569 ἐνέηκαν.

202 1583 364 1630 Grattii
386 1587 666 1643 prooemium
689 1585 874 1630 Manilii
895 1587 1112 1643 prooemii
1134 1586 1391 1643 exemplum
1413 1585 1491 1630 fuit
1511 1585 1583 1644 (cl.
1609 1584 1657 1630 Ε.
1677 1585 1854 1639 Miiller,

139 1668 221 1701 zur
269 1654 627 1702 Charakteristik
673 1657 753 1702 des
802 1656 1024 1713 ManiliuS,
1069 1657 1341 1715 Philologus.
1383 1657 1507 1712 1903,
1539 1670 1581 1715 p.
1614 1656 1704 1715 68),
1736 1657 1854 1714 quod

8 1719 47 1786 '13
139 1740 200 1775 ex
243 1727 330 1774 hoc
377 1730 523 1786 primo
569 1741 706 1774 versu
747 1730 892 1773 statim
923 1728 1148 1784 discimus,
1181 1729 1234 1774 cl.
1270 1728 1422 1773 Manil.
1458 1729 1489 1773 1.
1520 1728 1580 1773 25
1611 1725 1745 1785 quem
1775 1727 1853 1787 (sc.

141 1800 376 1859 mundum)
429 1801 630 1857 primum
683 1800 880 1845 interius
929 1800 1061 1845 licuit
1105 1811 1378 1857 cognoscere
1423 1800 1561 1845 terris
1605 1805 1625 1854 J
1671 1811 1857 1844 munere

139 1871 404 1927 caelestum,
435 1881 478 1917 et
509 1881 684 1918 nostras
716 1872 908 1917 adnotat.
941 1873 995 1917 ad
1029 1886 1094 1918 vs.
1127 1872 1169 1929 2,
1202 1873 1244 1929 4,
1276 1872 1318 1928 6,
1350 1872 1392 1916 9.

205 1941 326 1988 Cum
344 1954 498 1990 nostro
515 1956 651 1990 versu
674 1944 829 1989 confer
852 1942 1207 2003 Vergil.[Georg.
1229 1943 1259 1988 1.
1279 1943 1331 1988 12
1348 1955 1540 1989 munera
1555 1946 1710 1988 vestra
1725 1954 1855 1988 cano.

201 2014 402 2060 laetas:
447 2025 609 2074 grataS,
651 2028 764 2074 quae
795 2016 1000 2061 laetitiam
1033 2015 1232 2071 afferant,
1264 2028 1374 2072 quas
1406 2024 1643 2060 venatores
1672 2015 1858 2059 libenter

141 2096 395 2143 exerceant,
441 2086 496 2132 cf.
546 2086 711 2132 Lucan.
756 2087 878 2132 V111.
910 2087 992 2142 89;
1030 2087 1145 2132 Hor.
1180 2086 1269 2132 Sat.
1303 2086 1334 2131 1.
1374 2087 1408 2130 1.
1441 2086 1494 2142 83
1526 2085 1603 2131 Sil.
1637 2086 1711 2130 Xl.
1744 2085 1855 2140 201;

145 2157 294 2204 Valer.
343 2157 484 2203 Flacc.
534 2158 565 2203 1.
612 2158 694 2214 30;
743 2157 848 2204 Tac.
900 2158 1016 2204 Hist.
1067 2158 1143 2204 1v.
1183 2158 1244 2203 68
1274 2158 1447 2203 laetam
1479 2158 1704 2203 militibus
1737 2158 1857 2202 idem

143 2240 339 2283 nomem
375 2229 673 2275 Nemesianus
705 2231 835 2287 primi
867 2229 997 2275 huius
1029 2242 1188 2275 versus
1206 2242 1380 2275 memor
1395 2240 1475 2286 est,
1492 2229 1546 2275 cf.
1563 2231 1660 2275 eius
1676 2242 1857 2275 versum

144 2302 336 2358 primum
384 2300 589 2346 venandi
633 2312 751 2346 cano
783 2301 908 2346 mille
938 2302 1043 2346 vias
1075 2301 1401 2358 hilaresque
1431 2301 1627 2356 laboreS,
1659 2301 1712 2346 cf.
1746 2313 1859 2358 quae

143 2372 364 2430 disputavi
394 2373 438 2416 in
472 2370 796 2430 Mnemosyncs
829 2373 1054 2419 volumine
1085 2373 1157 2426 45,
1190 2386 1232 2431 p.
1265 2373 1455 2418 53-68.

205 2443 366 2489 artis:
414 2455 579 2501 operae
626 2445 816 2501 pretium
862 2455 928 2489 est
974 2445 1343 2500 animadvertere,
1390 2458 1523 2502 quam
1564 2457 1699 2502 saepe
1731 2454 1859 2501 poeta

6 2562 10 2567 ,
43 2523 47 2525 ’
144 2525 297 2561 noster
327 2527 450 2580 ¹suos
497 2528 655 2574 versus
686 2516 847 2561 eodem
880 2516 1016 2562 modo
1048 2517 1233 2572 claudat,
1265 2518 1309 2562 id
1340 2517 1460 2574 quod
1492 2518 1661 2574 primus
1692 2516 1861 2560 monuit

20 2587 54 2642 ‘J
147 2587 216 2632 vit·
265 2586 421 2631 doctus
477 2586 538 2631 Η.
593 2586 803 2643 Kraffert,
855 2587 1081 2646 (Beitriige
1133 2602 1213 2632 zur
1267 2588 1414 2633 Kritik
1470 2588 1560 2633 und
1610 2587 1861 2644 Erkliirung

19 2673 49 2701 A
80 2708 82 2710 ,
146 2658 425 2703 lateinischer
472 2658 673 2704 Antoren
722 2659 796 2704 111.
842 2673 883 2716 p.
931 2659 1054 2717 151);
1089 2660 1354 2705 vocabulum
1400 2663 1527 2704 artes
1558 2661 1669 2704 redit
1699 2661 1743 2703 in
1776 2658 1861 2702 fine

50 2767 51 2790 3
146 2729 308 2774 horum
355 2741 568 2775 versuum
621 2730 655 2786 1,
702 2730 744 2786 8,
790 2731 863 2786 23,
918 2731 1012 2786 107,
1067 2732 1162 2787 151,
1218 2731 1312 2786 190,
1345 2731 1447 2786 318,
1479 2731 1581 2787 426,
1614 2730 1714 2786 498,
1748 2730 1859 2784 512;

147 2801 414 2846 vocabulum
465 2802 610 2846 armis
658 2802 740 2847 hos
786 2803 946 2847 claudit
992 2815 1172 2848 versus:
1220 2803 1263 2858 2,
1310 2804 1382 2858 51,
1415 2803 1487 2859 81,
1519 2803 1592 2858 93,
1631 2802 1726 2857 160,
1766 2801 1860 2854 173,

146 2871 251 2928 274,
295 2872 398 2927 333,
445 2873 547 2929 337,
595 2874 697 2918 528.
750 2872 985 2928 „Grattius
1026 2876 1081 2919 ist
1128 2864 1354 2932 geradezu*
1397 2877 1468 2919 ein
1517 2874 1751 2919 Fanatiker
1782 2873 1862 2916 der

51 3007 54 3014 Ι
149 2942 304 2999 τέχνη”
335 2943 416 3002 (Η.
450 2943 661 3000 Schenkl,
695 2945 764 2989 Zu
801 2943 1016 3001 Grattius,
1049 2959 1090 3003 p.
1124 2946 1241 3004 438).

210 3014 259 3060 In
295 3013 457 3060 Grattii
488 3019 682 3062 carmine
714 3016 967 3074 complures
988 3019 1265 3062 accusativos
1287 3019 1330 3062 in
1352 3017 1411 3061 -is
1432 3017 1681 3061 desinentes
1703 3016 1866 3072 reperi-

151 3097 272 3130 mus:
306 3087 448 3131 artis:
486 3088 519 3142 l,
551 3087 593 3144 8,
625 3087 697 3143 23,
737 3088 832 3142 151,
873 3087 968 3143 190,
1000 3088 1102 3144 217,
1137 3088 1248 3144 498;
1278 3089 1455 3144 partis:
1492 3089 1557 3142 11,
1589 3086 1865 3143 4943finis:

151 3155 472 3271 429;l?ostis:
503 3159 575 3212 45,
615 3159 709 3214 152,
750 3160 844 3214 171,
884 3158 988 3215 185;
1013 3159 1196 3217 fontis:
1228 3160 1338 3214 4403
1374 3159 1560 3204 inertis:
1596 3157 1702 3273 146?
1725 3157 1865 3204 levis:
