2210 3568
1208 231 1236 275 2

368 361 559 406 defendit
604 363 647 405 in
693 373 799 405 suae
844 362 1046 405 editionis
1093 360 1362 418 praefatione
1403 359 1465 418 (p.
1499 359 1616 414 Vll).
1682 359 1926 418 Comparat
1956 362 2076 407 enim

369 445 412 477 v.
451 432 532 477 137
561 434 711 476 cetera
742 442 861 487 quae
889 431 1022 475 silvis
1052 434 1206 475 errant
1236 430 1427 475 hastilia
1444 430 1631 486 nostriS‚
1654 444 1743 488 quo
1766 443 1900 477 versu
1916 435 2076 477 nostra

369 503 534 548 hastilia
560 512 843 559 opponuntur
871 503 1102 546 arboribus
1123 513 1313 558 peregre
1328 502 1627 546 crescentibus
1643 511 1738 546 etv.
1755 501 1835 547 321
1857 506 1908 547 at
1923 502 2078 559 qualis

368 573 552 627 nostris,
594 584 733 628 quam
772 572 969 628 simplex
1009 584 1170 617 mensa
1213 572 1436 627 CamilliS,
1479 574 1552 616 ubi
1594 571 1794 617 Romana
1824 573 2077 631 simplicitas

370 643 590 689 Graeciae
604 645 816 699 luxuriae,
838 644 893 688 de
910 656 996 700 qua
1012 644 1373 700 praecedentibus
1392 644 1593 687 versibus
1610 643 1808 701 legimus,
1826 645 2075 702 opponitur.

425 715 620 760 Prorsus
666 726 756 759 non
803 714 1010 771 intelligo,
1057 727 1137 759 cur
1184 715 1252 759 vir
1297 715 1454 758 doctus
1492 714 1537 770 J.
1586 713 1737 771 Wight
1784 713 1906 770 Duff,
1951 715 2076 760 cuius

366 785 591 829 historiam
632 786 872 829 litterarum
906 785 1207 830 Romanarum
1239 785 1415 842 plurimi
1446 784 1573 839 facio,
1606 785 1660 828 de
1693 785 1773 829 hac
1805 797 1854 830 re
1883 786 2077 832 scribere

366 857 555 911 potuerit
595 857 654 912 (p.
695 855 821 913 618):
869 854 1097 910 „Grattius
1137 856 1217 899 has
1249 856 1334 899 had
1365 855 1722 911 unwarrantably
1753 855 1988 901 conferred
2017 868 2076 901 on

365 927 454 970 him
501 928 574 971 the
619 938 866 984 cognomen
915 926 1137 970 Faliscus,
1204 926 1290 970 His
1335 938 1437 971 own
1484 926 1646 983 phrase
1677 925 1850 970 nostris
1880 926 2078 972 Faliscis

365 1009 530 1054 proves
567 997 737 1042 neither
775 997 864 1041 that
906 997 962 1041 he
1002 1009 1127 1041 carne
1168 997 1283 1041 from
1317 996 1473 1041 Falerii
1505 1009 1590 1041 nor
1620 1009 1734 1042 even
1765 998 2076 1056 convincingly

365 1065 454 1109 that
485 1066 541 1110 he
573 1078 664 1111 was
696 1080 750 1112 an
784 1067 978 1111 Italian.’'
1992 1064 1995 1068 ⁴

424 1135 603 1181 Mecum
644 1146 726 1182 stat
767 1137 1036 1194 Vollmerus,
1068 1139 1141 1195 qui
1173 1138 1294 1182 hisce
1326 1139 1458 1181 utitur
1489 1139 1639 1183 verbis
1668 1137 2076 1196 (Pauly-Wissowa

364 1208 446 1250 sub
478 1219 590 1252 voce
625 1206 879 1264 Grattius):

426 1277 527 1330 „Ich
561 1279 632 1323 bin
664 1278 886 1323 durchaus
917 1279 996 1323 der
1028 1278 1243 1336 Meinung
1275 1279 1377 1323 dass
1411 1277 1612 1324 Grattius
1642 1281 1713 1323 ein
1746 1278 1946 1324 Falisker
1967 1292 2074 1336 war,

363 1348 453 1392 und
499 1350 618 1393 kann
664 1350 902 1395 hochstens
948 1350 1017 1394 die
1048 1350 1212 1394 andere
1255 1349 1544 1407 Moglichkeit
1585 1350 1701 1395 noch
1738 1352 1938 1408 zugeben
1970 1351 2076 1396 dasz

363 1420 551 1464 namlich
568 1421 648 1465 der
670 1420 853 1466 Dichter
873 1422 917 1464 in
939 1421 1019 1465 der
1041 1421 1219 1465 reichen
1241 1421 1525 1465 fruchtbaren
1551 1419 1742 1478 Gegend
1762 1419 1963 1479 (Nissen,
1983 1421 2077 1467 ltal.

366 1490 586 1535 Landesk.
621 1491 675 1535 11.
705 1491 809 1546 365,
844 1491 1033 1546 Hfflsen,
1059 1491 1175 1536 Bnd.
1194 1491 1255 1536 Vl
1274 1504 1317 1548 p.
1342 1491 1470 1546 1972)
1485 1493 1556 1536 ein
1575 1491 2076 1549 Landguterworben”.

424 1561 563 1618 Quod
601 1563 657 1606 ad
697 1574 878 1607 versum
919 1561 1007 1606 435
1048 1563 1217 1606 attinet:
1251 1563 1339 1606 huc
1368 1562 1547 1619 defecta
1579 1562 1703 1606 mala
1733 1561 1830 1606 vidi
1855 1563 2076 1618 pecuaria

362 1632 480 1687 tabe,
511 1633 613 1678 hinc
644 1645 733 1678 non
765 1633 863 1677 licet
894 1632 1070 1678 efficere
1105 1632 1326 1678 Grattium
1359 1634 1403 1676 in
1437 1632 1578 1678 Sicilia
1601 1633 1818 1678 habitasse
1839 1642 1886 1678 ut
1906 1631 2074 1679 Curcio

362 1704 533 1758 conicit,
579 1705 658 1748 sed
706 1713 880 1761 poetam
918 1705 1003 1748 huc
1036 1705 1268 1761 aliquando
1301 1706 1381 1748 iter
1412 1704 1568 1748 fecisse
1600 1713 1672 1747 aut
1704 1715 1862 1748 vocem
1896 1716 2075 1761 quoque

361 1773 460 1817 vidi
489 1786 548 1818 ex
578 1774 698 1819 fonte
728 1785 885 1831 poetae
917 1777 1094 1831 petitam
1127 1787 1238 1819 esse.
1653 1826 1656 1829 Α

300 1839 304 1842 ’
423 1843 582 1901 Qualis
614 1846 682 1889 vir
713 1846 841 1890 fuerit
877 1844 1078 1890 Grattius
1108 1847 1337 1889 incertum.
1371 1843 1705 1889 Wernsdorfius
1726 1843 1910 1902 (Poetae
1933 1843 2074 1890 Latini

364 1914 565 1959 Minores
607 1915 639 1970 Ι,
681 1929 723 1972 p.
761 1917 805 1972 4)
848 1926 1022 1973 poetam
1070 1917 1181 1961 adeo
1225 1917 1422 1973 ignotum
1469 1915 1604 1960 fuisse
1651 1924 1772 1972 putat
1818 1924 1865 1959 ut
1895 1927 1919 1958 a
1951 1916 2100 1977 nullo·

362 1995 535 2042 praeter
578 1985 793 2031 Ovidium
835 1995 1127 2042 memoretur;
1170 1999 1301 2043 quam
1343 1996 1487 2031 tamen
1519 1986 1773 2042 opinionem
1806 1986 2070 2030 reiciendam

361 2069 460 2101 esse
504 2056 617 2101 infra
664 2058 924 2113 videbimuS,
971 2070 1071 2102 cum
1103 2059 1329 2115 apparebit
1361 2056 1589 2101 Manilium
1623 2065 1838 2113 *quattuor
1870 2057 2072 2100 versibus

362 2138 580 2171 summam
624 2126 785 2173 Grattii
825 2130 1031 2173 carminis
1072 2129 1265 2174 breviter
1301 2128 1582 2185 complexum
1613 2139 1737 2182 esse;
1769 2127 1888 2183 quod
1920 2127 2071 2172 Astro-

362 2199 568 2242 nomicon
612 2208 740 2255 poeta
771 2211 861 2243 non
893 2199 1080 2254 Fecisset,
1112 2200 1194 2243 nisi
1225 2211 1317 2254 eos,
1349 2211 1539 2255 quorum
1571 2210 1702 2242 causa
1733 2209 1912 2242 carmen
1941 2209 2071 2242 suum

362 2270 586 2323 scriberet,
632 2269 930 2314 intellecturos
960 2282 1059 2314 esse
1089 2278 1283 2326 putasset
1314 2282 1549 2326 quemnam
1582 2278 1757 2325 poetam
1791 2266 2069 2325 significaret.

363 2339 598 2384 Praeterea
637 2340 754 2384 idem
795 2339 1128 2385 Wernsdorfius
1165 2341 1387 2384 contendit
1436 2338 1659 2383 Grattium
1690 2347 1891 2383 nostrum
1921 2338 2070 2382 servili

361 2410 621 2455 condicione
652 2419 801 2454 natum
833 2420 875 2454 et
905 2411 1107 2455 libertum
1139 2411 1297 2455 nobilis
1329 2411 1511 2455 alicuius
1543 2410 1732 2454 Romani
1763 2409 1920 2463 fuisse3
1951 2408 2070 2464 quod

361 2480 398 2524 si
430 2492 586 2525 verum
617 2489 747 2535 esset,
778 2490 908 2537 poeta
939 2493 1117 2525 carmen
1149 2491 1221 2525 aut
1252 2490 1439 2537 patrono
1470 2492 1553 2525 suo
1583 2490 1656 2524 aut
1679 2479 1925 2523 Maecenati
1945 2478 2071 2522 alicui

360 2551 673 2606 dedicavisset;
718 2553 864 2607 itaque
909 2552 1045 2596 multo
1086 2561 1277 2609 praestat
1315 2551 1543 2596 Vollmero
1575 2559 1813 2608 praeeunte
1847 2547 2069 2593 Grattium

361 2621 524 2666 habere
555 2623 701 2667 virum
731 2622 922 2666 nobilem
953 2634 1098 2679 neque
1128 2624 1385 2679 cuiusquam
1416 2623 1658 2667 subiectum
1689 2620 1889 2677 imperio.

421 2692 603 2737 Praeter
642 2704 819 2736 carmen
860 2693 979 2749 quod
1020 2702 1237 2749 superest,
1282 2693 1481 2737 nonnulli
1513 2693 1596 2738 viri
1627 2691 1742 2735 docti
1778 2689 1954 2734 Grattio
1986 2688 2068 2732 alia

361 2764 554 2807 carmina
585 2763 886 2807 attribuerunt.
922 2762 1038 2807 Nam
1071 2773 1170 2807 ante
1201 2775 1381 2807 versum
1418 2762 1570 2808 Ovidii
1602 2773 1736 2818 supra
1767 2762 1961 2815 citatum,
1994 2759 2068 2803 ubi

364 2832 524 2878 Grattii
578 2845 741 2878 nomen
798 2834 1032 2888 invenitur,
1091 2834 1277 2890 legimus
1324 2834 1454 2878 alium
1501 2845 1699 2886 versum,
1746 2843 1878 2887 quem
1924 2830 2068 2875 codex

364 2904 647 2949 Monacensis
677 2905 733 2948 ita
764 2904 867 2961 legit
903 2903 1083 2959 Tityron
1105 2905 1325 2960 antiquas
1340 2915 1596 2960 passerque
1616 2902 1782 2946 rediret
1802 2901 1864 2945 ad
1887 2899 2066 2945 herbas.

365 2974 496 3030 Quae
529 2976 664 3020 verba
688 2974 939 3031 Madvigius
964 2974 1170 3029 (Advers.
1197 2988 1258 3019 cr.
1284 2974 1338 3030 11,
1361 2974 1541 3032 praelat.
1567 2973 1628 3017 11:
1657 2972 1834 3028 Tityrus
1848 2971 2068 3026 antiquas

362 3058 522 3090 rursus
553 3048 784 3090 revocaret
815 3045 876 3088 ad
923 3045 1108 3100 herbas)
1140 3055 1181 3089 et
1215 3045 1439 3102 Bergkius
1470 3044 1661 3100 (Opusc.
1695 3043 1727 3097 1,
1759 3042 1848 3086 667
1890 3042 2067 3096 Tityrus

361 3118 589 3171 amicans,
623 3119 673 3160 ut
702 3119 812 3171 erat,
846 3115 925 3170 qui
951 3119 1172 3170 pasceret,
1206 3115 1386 3173 herbas)
1417 3117 1473 3159 ita
1505 3115 1743 3159 emendare
1774 3113 1917 3158 conati
1949 3120 2066 3165 sunt,
