<?xml version="1.0" encoding="UTF-8"?>
<!DOCTYPE html PUBLIC "-//W3C//DTD XHTML 1.0 Transitional//EN"
    "http://www.w3.org/TR/xhtml1/DTD/xhtml1-transitional.dtd">
<html xmlns="http://www.w3.org/1999/xhtml" xml:lang="en" lang="en">
 <head>
  <title>
</title>
<meta http-equiv="Content-Type" content="text/html;charset=utf-8" />
  <meta name='ocr-system' content='tesseract 3.04.00' />
  <meta name='ocr-capabilities' content='ocr_page ocr_carea ocr_par ocr_line ocrx_word'/>
</head>
<body>
  <div class='ocr_page' id='page_1' title='image "./cynegeticonquaes00gratuoft_0249.png"; bbox 0 0 2210 3568; ppageno 0'>
   <div class='ocr_carea' id='block_1_1' title="bbox 978 258 1062 303">
    <p class='ocr_par' dir='ltr' id='par_1_1' title="bbox 978 258 1062 303">
     <span class='ocr_line' id='line_1_1' title="bbox 978 258 1062 303; baseline 0 0"><span class='ocrx_word' id='word_1_1' title='bbox 978 258 1062 303; x_wconf 87' lang='lat'><strong>129</strong></span> 
     </span>
    </p>
   </div>
   <div class='ocr_carea' id='block_1_2' title="bbox 155 375 1876 523">
    <p class='ocr_par' dir='ltr' id='par_1_2' title="bbox 155 375 1876 523">
     <span class='ocr_line' id='line_1_2' title="bbox 171 375 1876 451; baseline 0.002 -17"><span class='ocrx_word' id='word_1_2' title='bbox 171 407 187 451; x_wconf 62' lang='grc' dir='ltr'><strong>χ</strong></span> <span class='ocrx_word' id='word_1_3' title='bbox 217 387 329 444; x_wconf 47' lang='lat' dir='ltr'><strong>«isos</strong></span> <span class='ocrx_word' id='word_1_4' title='bbox 386 386 627 433; x_wconf 80' lang='lat' dir='ltr'><strong>cecidere</strong></span> <span class='ocrx_word' id='word_1_5' title='bbox 657 387 847 432; x_wconf 86' lang='lat' dir='ltr'><strong>animi:</strong></span> <span class='ocrx_word' id='word_1_6' title='bbox 879 388 934 434; x_wconf 84' lang='lat' dir='ltr'><strong>cf.</strong></span> <span class='ocrx_word' id='word_1_7' title='bbox 970 387 1062 434; x_wconf 92' lang='lat' dir='ltr'><strong>Ov.</strong></span> <span class='ocrx_word' id='word_1_8' title='bbox 1097 388 1205 434; x_wconf 89' lang='lat' dir='ltr'><strong>Met.</strong></span> <span class='ocrx_word' id='word_1_9' title='bbox 1240 389 1338 435; x_wconf 86' lang='lat' dir='ltr'>Vll.</span> <span class='ocrx_word' id='word_1_10' title='bbox 1370 390 1458 435; x_wconf 87' lang='lat'><strong>347</strong></span> <span class='ocrx_word' id='word_1_11' title='bbox 1489 391 1691 437; x_wconf 83' lang='lat' dir='ltr'><strong>cecidere</strong></span> <span class='ocrx_word' id='word_1_12' title='bbox 1709 375 1876 439; x_wconf 87' lang='lat' dir='ltr'><strong>animi-</strong></span> 
     </span>
     <span class='ocr_line' id='line_1_3' title="bbox 155 469 548 523; baseline -0.005 -17"><span class='ocrx_word' id='word_1_13' title='bbox 155 469 250 518; x_wconf 69' lang='lat' dir='ltr'><strong>que</strong></span> <span class='ocrx_word' id='word_1_14' title='bbox 277 470 548 523; x_wconf 76' lang='lat' dir='ltr'><strong>manusque.</strong></span> 
     </span>
    </p>
   </div>
   <div class='ocr_carea' id='block_1_3' title="bbox 146 629 1878 1414">
    <p class='ocr_par' dir='ltr' id='par_1_3' title="bbox 146 629 1877 840">
     <span class='ocr_line' id='line_1_4' title="bbox 218 629 1877 695; baseline 0.001 -12"><span class='ocrx_word' id='word_1_15' title='bbox 218 629 327 684; x_wconf 83' lang='grc'>452.</span> <span class='ocrx_word' id='word_1_16' title='bbox 389 637 511 694; x_wconf 83' lang='lat' dir='ltr'><strong>quis</strong></span> <span class='ocrx_word' id='word_1_17' title='bbox 551 633 729 694; x_wconf 80' lang='lat' dir='ltr'><strong>pretio</strong></span> <span class='ocrx_word' id='word_1_18' title='bbox 770 637 1016 692; x_wconf 83' lang='lat' dir='ltr'><strong>fratrum,</strong></span> <span class='ocrx_word' id='word_1_19' title='bbox 1063 639 1402 695; x_wconf 86' lang='lat' dir='ltr'><strong>meliorisque</strong></span> <span class='ocrx_word' id='word_1_20' title='bbox 1448 652 1614 685; x_wconf 86' lang='lat' dir='ltr'><strong>ausus</strong></span> <span class='ocrx_word' id='word_1_21' title='bbox 1659 641 1819 686; x_wconf 84' lang='lat' dir='ltr'><strong>amici</strong></span> <span class='ocrx_word' id='word_1_22' title='bbox 1856 647 1877 695; x_wconf 87' lang='grc' dir='ltr'><em>Ι</em></span> 
     </span>
     <span class='ocr_line' id='line_1_5' title="bbox 166 709 1878 769; baseline 0.002 -14"><span class='ocrx_word' id='word_1_23' title='bbox 166 709 462 757; x_wconf 73' lang='lat' dir='ltr'><strong>sollicitare</strong></span> <span class='ocrx_word' id='word_1_24' title='bbox 508 711 693 765; x_wconf 85' lang='lat' dir='ltr'><strong>caput:</strong></span> <span class='ocrx_word' id='word_1_25' title='bbox 742 709 796 754; x_wconf 81' lang='lat' dir='ltr'><strong>ci.</strong></span> <span class='ocrx_word' id='word_1_26' title='bbox 845 709 981 768; x_wconf 85' lang='lat' dir='ltr'><strong>Verg.</strong></span> <span class='ocrx_word' id='word_1_27' title='bbox 1030 709 1142 755; x_wconf 84' lang='lat' dir='ltr'><strong>Aen</strong></span> <span class='ocrx_word' id='word_1_28' title='bbox 1190 711 1267 756; x_wconf 87' lang='lat' dir='ltr'><strong>Vl.</strong></span> <span class='ocrx_word' id='word_1_29' title='bbox 1314 711 1404 757; x_wconf 91' lang='grc'><strong>608</strong></span> <span class='ocrx_word' id='word_1_30' title='bbox 1434 713 1508 757; x_wconf 89' lang='lat' dir='ltr'><strong>hic</strong></span> <span class='ocrx_word' id='word_1_31' title='bbox 1538 712 1704 769; x_wconf 80' lang='lat' dir='ltr'><strong>quibus</strong></span> <span class='ocrx_word' id='word_1_32' title='bbox 1735 713 1878 758; x_wconf 86' lang='lat' dir='ltr'><strong>invisi</strong></span> 
     </span>
     <span class='ocr_line' id='line_1_6' title="bbox 146 778 878 840; baseline -0.001 -13"><span class='ocrx_word' id='word_1_33' title='bbox 146 778 348 840; x_wconf 65' lang='lat' dir='ltr'><strong>fratre-³,</strong></span> <span class='ocrx_word' id='word_1_34' title='bbox 379 781 490 826; x_wconf 82' lang='lat' dir='ltr'><strong>dam</strong></span> <span class='ocrx_word' id='word_1_35' title='bbox 518 781 618 826; x_wconf 84' lang='lat' dir='ltr'><strong>vita</strong></span> <span class='ocrx_word' id='word_1_36' title='bbox 648 781 878 826; x_wconf 86' lang='lat' dir='ltr'><strong>manebat.</strong></span> 
     </span>
    </p>

    <p class='ocr_par' dir='ltr' id='par_1_4' title="bbox 161 852 1874 981">
     <span class='ocr_line' id='line_1_7' title="bbox 218 852 1874 911; baseline 0.002 -14"><span class='ocrx_word' id='word_1_37' title='bbox 218 852 363 909; x_wconf 79' lang='lat' dir='ltr'><strong>quis.</strong></span> <span class='ocrx_word' id='word_1_38' title='bbox 417 853 555 911; x_wconf 88' lang='lat' dir='ltr'>vulgo</span> <span class='ocrx_word' id='word_1_39' title='bbox 601 865 702 898; x_wconf 91' lang='lat' dir='ltr'><strong>cum</strong></span> <span class='ocrx_word' id='word_1_40' title='bbox 750 852 911 898; x_wconf 84' lang='lat' dir='ltr'>Aldina</span> <span class='ocrx_word' id='word_1_41' title='bbox 955 853 1061 909; x_wconf 83' lang='lat' dir='ltr'><strong>quis</strong></span> <span class='ocrx_word' id='word_1_42' title='bbox 1105 853 1191 899; x_wconf 88' lang='lat' dir='ltr'><strong>hoc</strong></span> <span class='ocrx_word' id='word_1_43' title='bbox 1238 854 1337 899; x_wconf 91' lang='lat' dir='ltr'><strong>loco</strong></span> <span class='ocrx_word' id='word_1_44' title='bbox 1375 864 1566 899; x_wconf 85' lang='lat' dir='ltr'><strong>mutatur</strong></span> <span class='ocrx_word' id='word_1_45' title='bbox 1596 857 1639 899; x_wconf 89' lang='lat' dir='ltr'><strong>in</strong></span> <span class='ocrx_word' id='word_1_46' title='bbox 1672 856 1764 911; x_wconf 82' lang='lat' dir='ltr'><strong>qui,</strong></span> <span class='ocrx_word' id='word_1_47' title='bbox 1795 856 1874 901; x_wconf 89' lang='lat' dir='ltr'><strong>sed</strong></span> 
     </span>
     <span class='ocr_line' id='line_1_8' title="bbox 161 924 1246 981; baseline -0.002 -10"><span class='ocrx_word' id='word_1_48' title='bbox 161 924 420 971; x_wconf 82' lang='lat' dir='ltr'><strong>Vollmerus</strong></span> <span class='ocrx_word' id='word_1_49' title='bbox 455 924 562 981; x_wconf 82' lang='lat' dir='ltr'><strong>quis</strong></span> <span class='ocrx_word' id='word_1_50' title='bbox 594 924 789 969; x_wconf 88' lang='lat' dir='ltr'><strong>defendit</strong></span> <span class='ocrx_word' id='word_1_51' title='bbox 818 925 986 970; x_wconf 86' lang='lat' dir='ltr'><strong>collatis</strong></span> <span class='ocrx_word' id='word_1_52' title='bbox 1010 925 1086 970; x_wconf 78' lang='lat' dir='ltr'><strong>his</strong></span> <span class='ocrx_word' id='word_1_53' title='bbox 1103 925 1246 970; x_wconf 76' lang='lat' dir='ltr'><strong>locis:</strong></span> 
     </span>
    </p>

    <p class='ocr_par' dir='ltr' id='par_1_5' title="bbox 154 994 1875 1414">
     <span class='ocr_line' id='line_1_9' title="bbox 219 994 1875 1055; baseline 0 -13"><span class='ocrx_word' id='word_1_54' title='bbox 219 995 387 1055; x_wconf 86' lang='lat' dir='ltr'><strong>Vergil.</strong></span> <span class='ocrx_word' id='word_1_55' title='bbox 452 994 719 1053; x_wconf 84' lang='lat' dir='ltr'><strong>Catalepton</strong></span> <span class='ocrx_word' id='word_1_56' title='bbox 769 996 811 1040; x_wconf 87' lang='grc'><strong>4.</strong></span> <span class='ocrx_word' id='word_1_57' title='bbox 850 996 901 1040; x_wconf 87' lang='grc'><strong>12</strong></span> <span class='ocrx_word' id='word_1_58' title='bbox 932 1007 1284 1052; x_wconf 81' lang='lat' dir='ltr'><strong>quocumque</strong></span> <span class='ocrx_word' id='word_1_59' title='bbox 1315 997 1381 1040; x_wconf 87' lang='lat' dir='ltr'><strong>ire</strong></span> <span class='ocrx_word' id='word_1_60' title='bbox 1403 994 1569 1053; x_wconf 82' lang='lat' dir='ltr'><strong>ferunt</strong></span> <span class='ocrx_word' id='word_1_61' title='bbox 1598 997 1759 1042; x_wconf 86' lang='lat' dir='ltr'><strong>variae</strong></span> <span class='ocrx_word' id='word_1_62' title='bbox 1789 1009 1875 1042; x_wconf 86' lang='lat' dir='ltr'><strong>nos</strong></span> 
     </span>
     <span class='ocr_line' id='line_1_10' title="bbox 158 1067 1875 1125; baseline -0.001 -12"><span class='ocrx_word' id='word_1_63' title='bbox 158 1071 376 1125; x_wconf 79' lang='lat' dir='ltr'><strong>tempora</strong></span> <span class='ocrx_word' id='word_1_64' title='bbox 406 1068 547 1123; x_wconf 81' lang='lat' dir='ltr'><strong>vitae,</strong></span> <span class='ocrx_word' id='word_1_65' title='bbox 569 1072 588 1123; x_wconf 76' lang='lat' dir='ltr'><em>l</em></span> <span class='ocrx_word' id='word_1_66' title='bbox 615 1070 805 1124; x_wconf 84' lang='lat' dir='ltr'><strong>tangere</strong></span> <span class='ocrx_word' id='word_1_67' title='bbox 845 1079 872 1124; x_wconf 89' lang='lat' dir='ltr'><strong><em>q</em></strong></span> <span class='ocrx_word' id='word_1_68' title='bbox 887 1079 997 1112; x_wconf 82' lang='lat' dir='ltr'><strong>aas</strong></span> <span class='ocrx_word' id='word_1_69' title='bbox 1037 1071 1186 1113; x_wconf 80' lang='lat' dir='ltr'><strong>terras</strong></span> <span class='ocrx_word' id='word_1_70' title='bbox 1217 1079 1445 1124; x_wconf 83' lang='lat' dir='ltr'><strong>quosque</strong></span> <span class='ocrx_word' id='word_1_71' title='bbox 1474 1067 1630 1112; x_wconf 86' lang='lat' dir='ltr'><strong>videre</strong></span> <span class='ocrx_word' id='word_1_72' title='bbox 1666 1068 1875 1113; x_wconf 86' lang='lat' dir='ltr'><strong>homines</strong></span> 
     </span>
     <span class='ocr_line' id='line_1_11' title="bbox 155 1137 1875 1197; baseline -0.001 -12"><span class='ocrx_word' id='word_1_73' title='bbox 155 1144 179 1196; x_wconf 83' lang='lat' dir='ltr'><em>J</em></span> <span class='ocrx_word' id='word_1_74' title='bbox 209 1139 475 1197; x_wconf 79' lang='lat' dir='ltr'><strong>dispeream</strong></span> <span class='ocrx_word' id='word_1_75' title='bbox 520 1139 567 1184; x_wconf 84' lang='lat' dir='ltr'><strong>si</strong></span> <span class='ocrx_word' id='word_1_76' title='bbox 604 1142 652 1184; x_wconf 83' lang='lat' dir='ltr'><strong>te</strong></span> <span class='ocrx_word' id='word_1_77' title='bbox 688 1137 842 1196; x_wconf 79' lang='lat' dir='ltr'><strong>faerit</strong></span> <span class='ocrx_word' id='word_1_78' title='bbox 889 1139 1005 1184; x_wconf 89' lang='lat' dir='ltr'><strong>mihi</strong></span> <span class='ocrx_word' id='word_1_79' title='bbox 1042 1139 1197 1184; x_wconf 84' lang='lat' dir='ltr'><strong>carior</strong></span> <span class='ocrx_word' id='word_1_80' title='bbox 1223 1139 1365 1193; x_wconf 59' lang='lat' dir='ltr'><strong>alten</strong></span> <span class='ocrx_word' id='word_1_81' title='bbox 1397 1138 1518 1184; x_wconf 88' lang='lat' dir='ltr'><strong>Ciris</strong></span> <span class='ocrx_word' id='word_1_82' title='bbox 1547 1138 1620 1184; x_wconf 88' lang='lat'><strong>89.</strong></span> <span class='ocrx_word' id='word_1_83' title='bbox 1653 1139 1875 1195; x_wconf 83' lang='lat' dir='ltr'><strong>quidquid</strong></span> 
     </span>
     <span class='ocr_line' id='line_1_12' title="bbox 157 1200 1874 1270; baseline -0.001 -13"><span class='ocrx_word' id='word_1_84' title='bbox 157 1214 208 1257; x_wconf 79' lang='lat' dir='ltr'><strong>et</strong></span> <span class='ocrx_word' id='word_1_85' title='bbox 253 1214 316 1256; x_wconf 83' lang='lat' dir='ltr'><strong>ut</strong></span> <span class='ocrx_word' id='word_1_86' title='bbox 365 1210 444 1270; x_wconf 61' lang='grc' dir='ltr'><strong>(τε</strong></span> <span class='ocrx_word' id='word_1_87' title='bbox 475 1210 588 1269; x_wconf 90' lang='lat' dir='ltr'>utut)</span> <span class='ocrx_word' id='word_1_88' title='bbox 634 1211 830 1267; x_wconf 79' lang='lat' dir='ltr'><strong>quisque</strong></span> <span class='ocrx_word' id='word_1_89' title='bbox 875 1214 946 1255; x_wconf 81' lang='lat' dir='ltr'><strong>est</strong></span> <span class='ocrx_word' id='word_1_90' title='bbox 976 1211 1063 1255; x_wconf 82' lang='lat' dir='ltr'><strong>tali</strong></span> <span class='ocrx_word' id='word_1_91' title='bbox 1092 1211 1150 1255; x_wconf 91' lang='lat' dir='ltr'><strong>de</strong></span> <span class='ocrx_word' id='word_1_92' title='bbox 1180 1211 1310 1255; x_wconf 87' lang='lat' dir='ltr'><strong>clade</strong></span> <span class='ocrx_word' id='word_1_93' title='bbox 1339 1200 1544 1264; x_wconf 82' lang='lat' dir='ltr'><strong>locutus‚·</strong></span> <span class='ocrx_word' id='word_1_94' title='bbox 1576 1210 1786 1256; x_wconf 84' lang='lat' dir='ltr'><strong>Dracont.</strong></span> <span class='ocrx_word' id='word_1_95' title='bbox 1819 1211 1874 1256; x_wconf 90' lang='lat' dir='ltr'><strong>de</strong></span> 
     </span>
     <span class='ocr_line' id='line_1_13' title="bbox 158 1282 1876 1400; baseline -0.002 -71"><span class='ocrx_word' id='word_1_96' title='bbox 158 1283 363 1400; x_wconf 49' lang='lat' dir='ltr'><strong>laudibrt-{s</strong></span> <span class='ocrx_word' id='word_1_97' title='bbox 408 1283 480 1328; x_wconf 90' lang='lat' dir='ltr'><strong>dei</strong></span> <span class='ocrx_word' id='word_1_98' title='bbox 539 1282 615 1327; x_wconf 91' lang='lat'>111.</span> <span class='ocrx_word' id='word_1_99' title='bbox 665 1282 725 1327; x_wconf 86' lang='lat'><strong>90</strong></span> <span class='ocrx_word' id='word_1_100' title='bbox 770 1282 952 1327; x_wconf 88' lang='lat' dir='ltr'><strong>demere</strong></span> <span class='ocrx_word' id='word_1_101' title='bbox 996 1283 1127 1328; x_wconf 85' lang='lat' dir='ltr'><strong>dum</strong></span> <span class='ocrx_word' id='word_1_102' title='bbox 1150 1282 1287 1327; x_wconf 79' lang='lat' dir='ltr'><strong>liceat</strong></span> <span class='ocrx_word' id='word_1_103' title='bbox 1317 1282 1540 1338; x_wconf 80' lang='lat' dir='ltr'><strong>quidquid</strong></span> <span class='ocrx_word' id='word_1_104' title='bbox 1570 1282 1697 1327; x_wconf 85' lang='lat' dir='ltr'><strong>dedit</strong></span> <span class='ocrx_word' id='word_1_105' title='bbox 1726 1286 1772 1326; x_wconf 84' lang='lat' dir='ltr'><strong>et</strong></span> <span class='ocrx_word' id='word_1_106' title='bbox 1800 1282 1876 1327; x_wconf 83' lang='lat' dir='ltr'><strong>cai</strong></span> 
     </span>
     <span class='ocr_line' id='line_1_14' title="bbox 154 1352 419 1414; baseline -0.004 -13"><span class='ocrx_word' id='word_1_107' title='bbox 154 1352 298 1414; x_wconf 72' lang='lat' dir='ltr'><strong>conse</strong></span> <span class='ocrx_word' id='word_1_108' title='bbox 416 1368 419 1370; x_wconf 89' lang='lat'>·</span> 
     </span>
    </p>
   </div>
   <div class='ocr_carea' id='block_1_4' title="bbox 219 1423 1197 1483">
    <p class='ocr_par' dir='ltr' id='par_1_6' title="bbox 219 1423 1197 1483">
     <span class='ocr_line' id='line_1_15' title="bbox 219 1423 1197 1483; baseline -0.001 -12"><span class='ocrx_word' id='word_1_109' title='bbox 219 1423 515 1473; x_wconf 64' lang='lat' dir='ltr'><strong>melioris„</strong></span> <span class='ocrx_word' id='word_1_110' title='bbox 535 1461 545 1471; x_wconf 93' lang='lat'>.</span> <span class='ocrx_word' id='word_1_111' title='bbox 586 1426 766 1470; x_wconf 85' lang='lat' dir='ltr'><strong>amici:</strong></span> <span class='ocrx_word' id='word_1_112' title='bbox 797 1427 916 1482; x_wconf 89' lang='lat' dir='ltr'><strong>boni,</strong></span> <span class='ocrx_word' id='word_1_113' title='bbox 948 1435 1078 1483; x_wconf 87' lang='lat' dir='ltr'><strong>atque</strong></span> <span class='ocrx_word' id='word_1_114' title='bbox 1110 1426 1197 1470; x_wconf 76' lang='lat' dir='ltr'><strong>fidi</strong></span> 
     </span>
    </p>
   </div>
   <div class='ocr_carea' id='block_1_5' title="bbox 219 1555 1875 1730">
    <p class='ocr_par' dir='ltr' id='par_1_7' title="bbox 219 1555 1875 1721">
     <span class='ocr_line' id='line_1_16' title="bbox 220 1555 1279 1647; baseline -0.002 -9"><span class='ocrx_word' id='word_1_115' title='bbox 220 1593 325 1638; x_wconf 84' lang='grc'><strong>453.</strong></span> <span class='ocrx_word' id='word_1_116' title='bbox 387 1591 676 1638; x_wconf 87' lang='lat' dir='ltr'><strong>sollicitare</strong></span> <span class='ocrx_word' id='word_1_117' title='bbox 708 1593 893 1647; x_wconf 86' lang='lat' dir='ltr'><strong>caput:</strong></span> <span class='ocrx_word' id='word_1_118' title='bbox 924 1593 1040 1636; x_wconf 90' lang='lat' dir='ltr'><strong>vitae</strong></span> <span class='ocrx_word' id='word_1_119' title='bbox 1064 1555 1279 1637; x_wconf 80' lang='lat' dir='ltr'><strong>insidiari.</strong></span> 
     </span>
     <span class='ocr_line' id='line_1_17' title="bbox 219 1659 1875 1730; baseline -0.004 -21"><span class='ocrx_word' id='word_1_120' title='bbox 219 1664 617 1730; x_wconf 80' lang='lat' dir='ltr'><strong>patriosque...</strong></span> <span class='ocrx_word' id='word_1_121' title='bbox 670 1663 846 1708; x_wconf 88' lang='lat' dir='ltr'><strong>divos:</strong></span> <span class='ocrx_word' id='word_1_122' title='bbox 887 1662 1081 1722; x_wconf 80' lang='lat' dir='ltr'><strong>familiae</strong></span> <span class='ocrx_word' id='word_1_123' title='bbox 1118 1663 1359 1720; x_wconf 86' lang='lat' dir='ltr'><strong>praesides,</strong></span> <span class='ocrx_word' id='word_1_124' title='bbox 1398 1662 1454 1708; x_wconf 79' lang='lat' dir='ltr'><strong>ci.</strong></span> <span class='ocrx_word' id='word_1_125' title='bbox 1489 1661 1651 1707; x_wconf 84' lang='lat' dir='ltr'><strong>Catull.</strong></span> <span class='ocrx_word' id='word_1_126' title='bbox 1682 1661 1753 1705; x_wconf 83' lang='lat'><strong>64.</strong></span> <span class='ocrx_word' id='word_1_127' title='bbox 1787 1659 1875 1704; x_wconf 89' lang='lat'><strong>403</strong></span> 
     </span>
    </p>
   </div>
   <div class='ocr_carea' id='block_1_6' title="bbox 90 1724 643 1792">
    <p class='ocr_par' dir='ltr' id='par_1_8' title="bbox 20 1718 643 1792">
     <span class='ocr_line' id='line_1_18' title="bbox 90 1724 643 1792; baseline -0.005 -10.343"><span class='ocrx_word' id='word_1_128' title='bbox 90 1729 91 1732; x_wconf 69' lang='grc'>’</span> <span class='ocrx_word' id='word_1_129' title='bbox 155 1724 345 1782; x_wconf 84' lang='lat' dir='ltr'><strong>divos..</strong></span> <span class='ocrx_word' id='word_1_130' title='bbox 364 1738 643 1792; x_wconf 81' lang='lat' dir='ltr'><strong>..parentes</strong></span> 
     </span>
    </p>
   </div>
   <div class='ocr_carea' id='block_1_7' title="bbox 156 1805 1874 1956">
    <p class='ocr_par' dir='ltr' id='par_1_9' title="bbox 156 1805 1874 1928">
     <span class='ocr_line' id='line_1_19' title="bbox 218 1805 1874 1870; baseline -0.003 -18"><span class='ocrx_word' id='word_1_131' title='bbox 218 1807 508 1870; x_wconf 73' lang='lat' dir='ltr'><strong>lacessere.</strong></span> <span class='ocrx_word' id='word_1_132' title='bbox 539 1808 577 1852; x_wconf 91' lang='lat' dir='ltr'><strong>si</strong></span> <span class='ocrx_word' id='word_1_133' title='bbox 608 1808 706 1867; x_wconf 78' lang='lat' dir='ltr'><strong>quis</strong></span> <span class='ocrx_word' id='word_1_134' title='bbox 737 1819 811 1851; x_wconf 88' lang='lat' dir='ltr'><strong>res</strong></span> <span class='ocrx_word' id='word_1_135' title='bbox 842 1819 1016 1851; x_wconf 86' lang='lat' dir='ltr'><strong>sacras</strong></span> <span class='ocrx_word' id='word_1_136' title='bbox 1025 1807 1300 1852; x_wconf 86' lang='lat' dir='ltr'>obliviscitur</span> <span class='ocrx_word' id='word_1_137' title='bbox 1331 1816 1403 1850; x_wconf 88' lang='lat' dir='ltr'><strong>aut</strong></span> <span class='ocrx_word' id='word_1_138' title='bbox 1434 1805 1601 1850; x_wconf 77' lang='lat' dir='ltr'><strong>sceiera</strong></span> <span class='ocrx_word' id='word_1_139' title='bbox 1631 1805 1874 1858; x_wconf 84' lang='lat' dir='ltr'>committit,</span> 
     </span>
     <span class='ocr_line' id='line_1_20' title="bbox 156 1856 525 1956; baseline 0.008 -31"><span class='ocrx_word' id='word_1_140' title='bbox 156 1881 282 1956; x_wconf 77' lang='lat' dir='ltr'><strong>deos</strong></span> <span class='ocrx_word' id='word_1_141' title='bbox 295 1856 444 1924; x_wconf 74' lang='lat' dir='ltr'><strong>la&#39;edit.</strong></span> <span class='ocrx_word' id='word_1_142' title='bbox 523 1923 525 1928; x_wconf 73' lang='grc'>,</span> 
     </span>
    </p>
   </div>
   <div class='ocr_carea' id='block_1_8' title="bbox 219 2016 1877 2102">
    <p class='ocr_par' dir='ltr' id='par_1_10' title="bbox 219 2016 1877 2102">
     <span class='ocr_line' id='line_1_21' title="bbox 219 2016 1877 2102; baseline -0.002 -11"><span class='ocrx_word' id='word_1_143' title='bbox 219 2046 322 2091; x_wconf 85' lang='lat'><strong>454.</strong></span> <span class='ocrx_word' id='word_1_144' title='bbox 385 2046 535 2090; x_wconf 83' lang='lat' dir='ltr'><strong>illum</strong></span> <span class='ocrx_word' id='word_1_145' title='bbox 581 2016 713 2102; x_wconf 63' lang='lat' dir='ltr'><strong>agai</strong></span> <span class='ocrx_word' id='word_1_146' title='bbox 760 2070 815 2078; x_wconf 86' lang='lat'><strong>--</strong></span> <span class='ocrx_word' id='word_1_147' title='bbox 868 2045 1084 2100; x_wconf 86' lang='lat' dir='ltr'><strong>culpae:</strong></span> <span class='ocrx_word' id='word_1_148' title='bbox 1127 2047 1370 2091; x_wconf 89' lang='lat' dir='ltr'><strong>verborum</strong></span> <span class='ocrx_word' id='word_1_149' title='bbox 1402 2045 1514 2090; x_wconf 89' lang='lat' dir='ltr'><strong>ordo</strong></span> <span class='ocrx_word' id='word_1_150' title='bbox 1546 2045 1616 2089; x_wconf 90' lang='lat' dir='ltr'><strong>hic</strong></span> <span class='ocrx_word' id='word_1_151' title='bbox 1645 2054 1731 2089; x_wconf 84' lang='lat' dir='ltr'><strong>est:</strong></span> <span class='ocrx_word' id='word_1_152' title='bbox 1768 2045 1877 2098; x_wconf 87' lang='lat' dir='ltr'><strong>„&lt;si&gt;</strong></span> 
     </span>
    </p>
   </div>
   <div class='ocr_carea' id='block_1_9' title="bbox 10 2106 1874 2194">
    <p class='ocr_par' dir='ltr' id='par_1_11' title="bbox 10 2106 1874 2194">
     <span class='ocr_line' id='line_1_22' title="bbox 10 2106 1874 2194; baseline -0.003 -31"><span class='ocrx_word' id='word_1_153' title='bbox 10 2135 20 2194; x_wconf 55' lang='lat' dir='ltr'><em>ss</em></span> <span class='ocrx_word' id='word_1_154' title='bbox 80 2165 88 2171; x_wconf 70' lang='grc'>,</span> <span class='ocrx_word' id='word_1_155' title='bbox 157 2118 356 2174; x_wconf 83' lang='lat' dir='ltr'><strong>audacia,</strong></span> <span class='ocrx_word' id='word_1_156' title='bbox 398 2130 552 2165; x_wconf 88' lang='lat' dir='ltr'><strong>comes</strong></span> <span class='ocrx_word' id='word_1_157' title='bbox 596 2117 801 2162; x_wconf 83' lang='lat' dir='ltr'><strong>infandae</strong></span> <span class='ocrx_word' id='word_1_158' title='bbox 846 2117 1015 2174; x_wconf 88' lang='lat' dir='ltr'><strong>culpae,</strong></span> <span class='ocrx_word' id='word_1_159' title='bbox 1063 2117 1149 2162; x_wconf 90' lang='lat' dir='ltr'><strong>huc</strong></span> <span class='ocrx_word' id='word_1_160' title='bbox 1177 2106 1315 2162; x_wconf 79' lang='lat' dir='ltr'><strong>&#39;illum</strong></span> <span class='ocrx_word' id='word_1_161' title='bbox 1361 2125 1474 2174; x_wconf 87' lang='lat' dir='ltr'><strong>agat,</strong></span> <span class='ocrx_word' id='word_1_162' title='bbox 1521 2117 1680 2161; x_wconf 89' lang='lat' dir='ltr'><strong>discet.</strong></span> <span class='ocrx_word' id='word_1_163' title='bbox 1699 2150 1709 2159; x_wconf 88' lang='lat'><strong>.</strong></span> <span class='ocrx_word' id='word_1_164' title='bbox 1729 2115 1778 2158; x_wconf 87' lang='lat'><strong>.‘’</strong></span> <span class='ocrx_word' id='word_1_165' title='bbox 1819 2113 1874 2159; x_wconf 88' lang='lat' dir='ltr'><strong>cf.</strong></span> 
     </span>
    </p>
   </div>
   <div class='ocr_carea' id='block_1_10' title="bbox 159 2187 1218 2235">
    <p class='ocr_par' dir='ltr' id='par_1_12' title="bbox 159 2187 1218 2235">
     <span class='ocr_line' id='line_1_23' title="bbox 159 2187 1218 2235; baseline -0.003 0"><span class='ocrx_word' id='word_1_166' title='bbox 159 2189 276 2235; x_wconf 80' lang='lat' dir='ltr'><strong>infra</strong></span> <span class='ocrx_word' id='word_1_167' title='bbox 308 2188 400 2234; x_wconf 87' lang='lat'><strong>509</strong></span> <span class='ocrx_word' id='word_1_168' title='bbox 428 2189 587 2233; x_wconf 80' lang='lat' dir='ltr'><strong>veniat</strong></span> <span class='ocrx_word' id='word_1_169' title='bbox 621 2187 824 2233; x_wconf 79' lang='lat' dir='ltr'><strong>Caudini</strong></span> <span class='ocrx_word' id='word_1_170' title='bbox 840 2199 974 2233; x_wconf 64' lang='lat' dir='ltr'><strong>saxa</strong></span> <span class='ocrx_word' id='word_1_171' title='bbox 1009 2187 1218 2233; x_wconf 86' lang='lat' dir='ltr'><strong>Taburni.</strong></span> 
     </span>
    </p>
   </div>
   <div class='ocr_carea' id='block_1_11' title="bbox 158 2355 1921 2981">
    <p class='ocr_par' dir='ltr' id='par_1_13' title="bbox 158 2355 1921 2700">
     <span class='ocr_line' id='line_1_24' title="bbox 221 2355 1876 2413; baseline -0.002 -12"><span class='ocrx_word' id='word_1_172' title='bbox 221 2356 324 2401; x_wconf 87' lang='grc'>455.</span> <span class='ocrx_word' id='word_1_173' title='bbox 386 2355 697 2401; x_wconf 83' lang='lat' dir='ltr'><strong>commissa.</strong></span> <span class='ocrx_word' id='word_1_174' title='bbox 717 2388 756 2401; x_wconf 91' lang='lat'><strong>..</strong></span> <span class='ocrx_word' id='word_1_175' title='bbox 797 2355 855 2399; x_wconf 87' lang='lat' dir='ltr'><strong>in</strong></span> <span class='ocrx_word' id='word_1_176' title='bbox 886 2355 986 2399; x_wconf 86' lang='lat' dir='ltr'><strong>ira:</strong></span> <span class='ocrx_word' id='word_1_177' title='bbox 1019 2367 1131 2413; x_wconf 90' lang='lat' dir='ltr'><strong>quae</strong></span> <span class='ocrx_word' id='word_1_178' title='bbox 1163 2355 1333 2413; x_wconf 86' lang='lat' dir='ltr'><strong>flagitiis</strong></span> <span class='ocrx_word' id='word_1_179' title='bbox 1364 2356 1612 2400; x_wconf 87' lang='lat' dir='ltr'><strong>commissis</strong></span> <span class='ocrx_word' id='word_1_180' title='bbox 1632 2362 1876 2412; x_wconf 85' lang='lat' dir='ltr'><strong>provocata</strong></span> 
     </span>
     <span class='ocr_line' id='line_1_25' title="bbox 158 2425 1876 2484; baseline -0.003 -10"><span class='ocrx_word' id='word_1_181' title='bbox 158 2437 251 2483; x_wconf 87' lang='lat' dir='ltr'><strong>est;</strong></span> <span class='ocrx_word' id='word_1_182' title='bbox 299 2427 355 2473; x_wconf 82' lang='lat' dir='ltr'><strong>cf.</strong></span> <span class='ocrx_word' id='word_1_183' title='bbox 402 2427 492 2473; x_wconf 89' lang='lat'><strong>374</strong></span> <span class='ocrx_word' id='word_1_184' title='bbox 540 2427 658 2472; x_wconf 85' lang='lat' dir='ltr'><strong>iram</strong></span> <span class='ocrx_word' id='word_1_185' title='bbox 704 2427 860 2471; x_wconf 84' lang='lat' dir='ltr'><strong>Furiis</strong></span> <span class='ocrx_word' id='word_1_186' title='bbox 905 2427 1215 2482; x_wconf 83' lang='lat' dir='ltr'><strong>commissam,</strong></span> <span class='ocrx_word' id='word_1_187' title='bbox 1262 2439 1376 2484; x_wconf 89' lang='lat' dir='ltr'><strong>quae</strong></span> <span class='ocrx_word' id='word_1_188' title='bbox 1406 2428 1545 2471; x_wconf 88' lang='lat' dir='ltr'><strong>verba</strong></span> <span class='ocrx_word' id='word_1_189' title='bbox 1576 2436 1721 2471; x_wconf 87' lang='lat' dir='ltr'><strong>tamen</strong></span> <span class='ocrx_word' id='word_1_190' title='bbox 1753 2425 1876 2469; x_wconf 87' lang='lat' dir='ltr'><strong>aliter</strong></span> 
     </span>
     <span class='ocr_line' id='line_1_26' title="bbox 160 2496 1876 2557; baseline -0.003 -12"><span class='ocrx_word' id='word_1_191' title='bbox 160 2499 489 2557; x_wconf 85' lang='lat' dir='ltr'><strong>interpretanda</strong></span> <span class='ocrx_word' id='word_1_192' title='bbox 534 2509 651 2554; x_wconf 90' lang='lat' dir='ltr'><strong>sunt,</strong></span> <span class='ocrx_word' id='word_1_193' title='bbox 701 2500 945 2544; x_wconf 87' lang='lat' dir='ltr'><strong>rectissime</strong></span> <span class='ocrx_word' id='word_1_194' title='bbox 991 2500 1110 2544; x_wconf 91' lang='lat' dir='ltr'><strong>enim</strong></span> <span class='ocrx_word' id='word_1_195' title='bbox 1158 2499 1287 2543; x_wconf 89' lang='lat' dir='ltr'><strong>docet</strong></span> <span class='ocrx_word' id='word_1_196' title='bbox 1336 2497 1538 2543; x_wconf 89' lang='lat' dir='ltr'><strong>Sternius</strong></span> <span class='ocrx_word' id='word_1_197' title='bbox 1585 2498 1701 2542; x_wconf 86' lang='lat' dir='ltr'><strong>haud</strong></span> <span class='ocrx_word' id='word_1_198' title='bbox 1738 2496 1876 2541; x_wconf 90' lang='lat' dir='ltr'><strong>semel</strong></span> 
     </span>
     <span class='ocr_line' id='line_1_27' title="bbox 161 2568 1921 2629; baseline -0.002 -12"><span class='ocrx_word' id='word_1_199' title='bbox 161 2572 407 2617; x_wconf 81' lang='lat' dir='ltr'><strong>observare</strong></span> <span class='ocrx_word' id='word_1_200' title='bbox 453 2571 587 2616; x_wconf 86' lang='lat' dir='ltr'><strong>licere</strong></span> <span class='ocrx_word' id='word_1_201' title='bbox 633 2571 749 2629; x_wconf 89' lang='lat' dir='ltr'><strong>apud</strong></span> <span class='ocrx_word' id='word_1_202' title='bbox 800 2569 1025 2616; x_wconf 85' lang='lat' dir='ltr'><strong>Grattium</strong></span> <span class='ocrx_word' id='word_1_203' title='bbox 1057 2571 1304 2615; x_wconf 90' lang='lat' dir='ltr'><strong>eorundem</strong></span> <span class='ocrx_word' id='word_1_204' title='bbox 1337 2571 1580 2615; x_wconf 85' lang='lat' dir='ltr'><strong>verborum</strong></span> <span class='ocrx_word' id='word_1_205' title='bbox 1611 2578 1875 2614; x_wconf 84' lang='lat' dir='ltr'><strong>structuram</strong></span> <span class='ocrx_word' id='word_1_206' title='bbox 1915 2568 1921 2575; x_wconf 84' lang='grc'><em>“</em></span> 
     </span>
     <span class='ocr_line' id='line_1_28' title="bbox 158 2642 1139 2700; baseline -0.002 -12"><span class='ocrx_word' id='word_1_207' title='bbox 158 2643 365 2698; x_wconf 85' lang='lat' dir='ltr'><strong>similem,</strong></span> <span class='ocrx_word' id='word_1_208' title='bbox 397 2644 477 2688; x_wconf 87' lang='lat' dir='ltr'><strong>sed</strong></span> <span class='ocrx_word' id='word_1_209' title='bbox 508 2644 732 2688; x_wconf 88' lang='lat' dir='ltr'><strong>diversam</strong></span> <span class='ocrx_word' id='word_1_210' title='bbox 764 2642 1139 2700; x_wconf 84' lang='lat' dir='ltr'><strong>significationem.</strong></span> 
     </span>
    </p>

    <p class='ocr_par' dir='ltr' id='par_1_14' title="bbox 159 2713 1876 2981">
     <span class='ocr_line' id='line_1_29' title="bbox 222 2713 1874 2771; baseline -0.002 -13"><span class='ocrx_word' id='word_1_211' title='bbox 222 2715 406 2760; x_wconf 86' lang='lat' dir='ltr'><strong>deus..</strong></span> <span class='ocrx_word' id='word_1_212' title='bbox 423 2720 665 2770; x_wconf 80' lang='lat' dir='ltr'><strong>[pone</strong></span> <span class='ocrx_word' id='word_1_213' title='bbox 709 2726 962 2770; x_wconf 87' lang='lat' dir='ltr'><strong>sequens.</strong></span> <span class='ocrx_word' id='word_1_214' title='bbox 1009 2726 1199 2771; x_wconf 90' lang='lat' dir='ltr'><strong>poenam</strong></span> <span class='ocrx_word' id='word_1_215' title='bbox 1249 2714 1534 2771; x_wconf 88' lang='lat' dir='ltr'><strong>pedisequam</strong></span> <span class='ocrx_word' id='word_1_216' title='bbox 1581 2713 1681 2757; x_wconf 91' lang='lat' dir='ltr'><strong>dicit</strong></span> <span class='ocrx_word' id='word_1_217' title='bbox 1722 2721 1874 2769; x_wconf 90' lang='lat' dir='ltr'><strong>poeta;</strong></span> 
     </span>
     <span class='ocr_line' id='line_1_30' title="bbox 161 2776 1876 2844; baseline -0.005 -13"><span class='ocrx_word' id='word_1_218' title='bbox 161 2786 218 2831; x_wconf 78' lang='lat' dir='ltr'><strong>ef.</strong></span> <span class='ocrx_word' id='word_1_219' title='bbox 255 2776 445 2831; x_wconf 77' lang='lat' dir='ltr'><strong>HeSiOd.</strong></span> <span class='ocrx_word' id='word_1_220' title='bbox 481 2785 637 2844; x_wconf 82' lang='lat' dir='ltr'><strong>Opera</strong></span> <span class='ocrx_word' id='word_1_221' title='bbox 669 2785 758 2830; x_wconf 86' lang='lat'><strong>249</strong></span> <span class='ocrx_word' id='word_1_222' title='bbox 788 2787 943 2838; x_wconf 76' lang='grc' dir='ltr'><em>ἔγγὺς</em></span> <span class='ocrx_word' id='word_1_223' title='bbox 985 2787 1084 2839; x_wconf 82' lang='grc' dir='ltr'><strong>γὰρ</strong></span> <span class='ocrx_word' id='word_1_224' title='bbox 1126 2787 1178 2829; x_wconf 73' lang='grc' dir='ltr'><strong>ἓν</strong></span> <span class='ocrx_word' id='word_1_225' title='bbox 1223 2786 1610 2839; x_wconf 78' lang='grc' dir='ltr'><strong><em>ἀνθρώποισιν</em></strong></span> <span class='ocrx_word' id='word_1_226' title='bbox 1651 2784 1876 2837; x_wconf 63' lang='grc' dir='ltr'><strong>ἐόντες]</strong></span> 
     </span>
     <span class='ocr_line' id='line_1_31' title="bbox 161 2855 1875 2913; baseline -0.002 -15"><span class='ocrx_word' id='word_1_227' title='bbox 161 2858 392 2909; x_wconf 76' lang='grc' dir='ltr'><strong><em>ἀθάνατοι,</em></strong></span> <span class='ocrx_word' id='word_1_228' title='bbox 438 2855 677 2900; x_wconf 76' lang='grc' dir='ltr'><strong><em>λεύσσουσιν</em></strong></span> <span class='ocrx_word' id='word_1_229' title='bbox 722 2859 807 2899; x_wconf 79' lang='grc' dir='ltr'><strong><em>ὅσοι</em></strong></span> <span class='ocrx_word' id='word_1_230' title='bbox 853 2855 1036 2911; x_wconf 81' lang='grc' dir='ltr'><strong><em>σκολιῇσι</em></strong></span> <span class='ocrx_word' id='word_1_231' title='bbox 1083 2856 1242 2913; x_wconf 76' lang='grc' dir='ltr'><strong><em>δίκῃσιν</em></strong></span> <span class='ocrx_word' id='word_1_232' title='bbox 1258 2860 1277 2911; x_wconf 75' lang='lat' dir='ltr'><em>s</em></span> <span class='ocrx_word' id='word_1_233' title='bbox 1294 2855 1501 2910; x_wconf 81' lang='grc' dir='ltr'><strong><em>ἀλλήλους</em></strong></span> <span class='ocrx_word' id='word_1_234' title='bbox 1549 2855 1732 2911; x_wconf 79' lang='grc' dir='ltr'><strong><em>τρίβουσι</em></strong></span> <span class='ocrx_word' id='word_1_235' title='bbox 1763 2856 1875 2895; x_wconf 72' lang='grc' dir='ltr'><strong>θεῶν</strong></span> 
     </span>
     <span class='ocr_line' id='line_1_32' title="bbox 159 2927 625 2981; baseline 0 -11"><span class='ocrx_word' id='word_1_236' title='bbox 159 2928 260 2973; x_wconf 73' lang='grc' dir='ltr'><strong>ὄπιν</strong></span> <span class='ocrx_word' id='word_1_237' title='bbox 291 2930 367 2970; x_wconf 83' lang='grc' dir='ltr'><strong>οὐκ</strong></span> <span class='ocrx_word' id='word_1_238' title='bbox 398 2927 625 2981; x_wconf 78' lang='grc' dir='ltr'><strong><em>ἀλέγοντες.</em></strong></span> 
     </span>
    </p>
   </div>
   <div class='ocr_carea' id='block_1_12' title="bbox 161 3084 1877 3224">
    <p class='ocr_par' dir='ltr' id='par_1_15' title="bbox 161 3084 1877 3224">
     <span class='ocr_line' id='line_1_33' title="bbox 224 3084 1877 3153; baseline -0.004 -13"><span class='ocrx_word' id='word_1_239' title='bbox 224 3084 475 3140; x_wconf 82' lang='grc'>456-458.</span> <span class='ocrx_word' id='word_1_240' title='bbox 541 3095 587 3141; x_wconf 92' lang='lat' dir='ltr'><strong>Si</strong></span> <span class='ocrx_word' id='word_1_241' title='bbox 620 3097 719 3153; x_wconf 92' lang='lat' dir='ltr'><strong>quis</strong></span> <span class='ocrx_word' id='word_1_242' title='bbox 750 3105 896 3139; x_wconf 88' lang='lat' dir='ltr'><strong>tamen</strong></span> <span class='ocrx_word' id='word_1_243' title='bbox 930 3096 1098 3152; x_wconf 90' lang='lat' dir='ltr'><strong>probus</strong></span> <span class='ocrx_word' id='word_1_244' title='bbox 1129 3108 1251 3139; x_wconf 87' lang='lat' dir='ltr'><strong>aram</strong></span> <span class='ocrx_word' id='word_1_245' title='bbox 1289 3094 1388 3147; x_wconf 85' lang='lat' dir='ltr'><strong>adit,</strong></span> <span class='ocrx_word' id='word_1_246' title='bbox 1411 3093 1520 3136; x_wconf 90' lang='lat' dir='ltr'><strong>lenis</strong></span> <span class='ocrx_word' id='word_1_247' title='bbox 1542 3091 1715 3135; x_wconf 86' lang='lat' dir='ltr'><strong>flamma</strong></span> <span class='ocrx_word' id='word_1_248' title='bbox 1738 3091 1877 3135; x_wconf 84' lang='lat' dir='ltr'><strong>oritur</strong></span> 
     </span>
     <span class='ocr_line' id='line_1_34' title="bbox 161 3166 1368 3224; baseline -0.004 -12"><span class='ocrx_word' id='word_1_249' title='bbox 161 3179 277 3224; x_wconf 85' lang='lat' dir='ltr'><strong>quae</strong></span> <span class='ocrx_word' id='word_1_250' title='bbox 308 3166 525 3212; x_wconf 82' lang='lat' dir='ltr'><strong>sacrificio</strong></span> <span class='ocrx_word' id='word_1_251' title='bbox 556 3168 739 3212; x_wconf 88' lang='lat' dir='ltr'><strong>incenso</strong></span> <span class='ocrx_word' id='word_1_252' title='bbox 771 3176 929 3223; x_wconf 87' lang='lat' dir='ltr'><strong>sponte</strong></span> <span class='ocrx_word' id='word_1_253' title='bbox 962 3168 1003 3210; x_wconf 92' lang='lat' dir='ltr'><strong>in</strong></span> <span class='ocrx_word' id='word_1_254' title='bbox 1037 3176 1210 3210; x_wconf 88' lang='lat' dir='ltr'><strong>antrum</strong></span> <span class='ocrx_word' id='word_1_255' title='bbox 1243 3166 1368 3209; x_wconf 85' lang='lat' dir='ltr'><strong>redit.</strong></span> 
     </span>
    </p>
   </div>
   <div class='ocr_carea' id='block_1_13' title="bbox 285 3239 1695 3289">
    <p class='ocr_par' dir='ltr' id='par_1_16' title="bbox 285 3239 1695 3289">
     <span class='ocr_line' id='line_1_35' title="bbox 285 3239 1695 3289; baseline -0.004 -1"><span class='ocrx_word' id='word_1_256' title='bbox 285 3243 338 3289; x_wconf 93' lang='lat'><strong>11.</strong></span> <span class='ocrx_word' id='word_1_257' title='bbox 1665 3239 1695 3283; x_wconf 89' lang='grc'>9</span> 
     </span>
    </p>
   </div>
   <div class='ocr_carea' id='block_1_14' title="bbox 0 0 148 3568">
    <p class='ocr_par' dir='ltr' id='par_1_17' title="bbox 0 0 148 3568">
     <span class='ocr_line' id='line_1_36' title="bbox 0 0 148 3568; baseline 0 0"><span class='ocrx_word' id='word_1_258' title='bbox 0 0 148 3568; x_wconf 95' lang='lat' dir='ltr'><strong> </strong></span> 
     </span>
    </p>
   </div>
  </div>
 </body>
</html>
