2210 3568
1149 268 1202 313 10

322 407 482 442 attente
526 399 841 455 diligenterque
883 398 1165 452 examinavit,
1198 398 1366 443 Rivista
1397 399 1440 442 di
1473 398 1676 455 filologia‚
1715 399 1838 444 1906.
1871 413 1913 458 p.
1936 401 2028 447 580

321 469 481 513 —597.
546 468 744 513 Primum
775 469 1082 513 demonstrare
1113 479 1298 513 conatur
1330 469 1607 514 Pierleonius
1642 468 1864 516 Grattium
1895 473 2026 518 nimis

321 540 454 584 multa
485 553 510 585 e
544 539 723 597 Vergilii
753 541 1018 584 carminibus
1049 541 1093 584 in
1125 552 1254 584 suum
1277 541 1562 585 transtulisse.
1594 539 1803 599 „Troppo
1823 544 2025 600 spesso”‚
2071 555 2076 561 ·

319 611 456 667 inquit
507 611 615 667 „egli
661 611 771 655 tolse
815 610 885 654 dal
930 622 1013 654 suo
1054 612 1263 664 „autore”
1295 611 1338 655 lo
1371 612 1484 655 bello
1515 611 1626 666 stile,
1657 624 1683 656 e
1719 612 1859 658 anche
1890 625 2023 658 senza

319 680 490 736 pariare
520 681 632 724 delle
663 682 980 726 reminiscenze
1009 706 1069 713 —-
1103 693 1253 726 scarse
1289 682 1359 726 del
1390 692 1510 727 resto
1541 708 1599 714 —
1631 683 1731 727 dell’
1747 682 1924 729 Eneide
1937 684 2022 730 che

318 751 414 794 altri
446 753 576 795 trovo
608 751 679 796 nel
712 751 837 807 Cyn„
869 765 895 796 e
925 752 1191 797 limitandoci
1222 753 1304 797 alle
1335 753 1580 797 Bucoliche
1611 766 1636 798 e
1657 753 1740 798 alle
1757 752 2022 810 Georgiche,

318 831 478 879 troppo
516 835 672 879 spesso
703 825 742 867 ci
772 824 961 868 avviene
992 823 1035 867 di
1066 824 1309 868 imbatterci
1338 825 1382 868 in
1416 826 1534 869 versi
1565 825 1647 869 che
1677 825 1915 870 ricordano
1945 827 2022 883 piis

318 905 346 937 o
377 905 509 937 meno
539 893 595 937 da
626 894 772 938 vicino
805 895 924 938 versi
955 893 998 937 di
1031 893 1229 950 Virgilio.
1830 897 1836 900 '

376 962 501 1008 Tunc
548 964 907 1008 additxversuum
939 964 1210 1021 catalogum;
1241 977 1330 1022 quo
1363 975 1565 1010 accurate
1597 966 1791 1022 perlecto
1823 966 2016 1011 videbis:

317 1033 333 1076 Ι
382 1034 543 1078 multos
588 1037 875 1092 cynegeticon
916 1047 1075 1080 versus
1105 1035 1416 1080 dissimillimos
1446 1048 1545 1080 esse
1577 1035 1759 1093 Vergilii
1791 1048 2019 1093 versuum,

314 1116 427 1161 quos
476 1103 697 1149 Grattium
744 1107 956 1151 imitatum
1002 1118 1102 1150 esse
1147 1106 1370 1151 contendit
1416 1106 1704 1151 Pierleonius.
1752 1106 1792 1151 11
1839 1119 2018 1165 semper

312 1175 420 1230 fere,
466 1177 504 1220 si
549 1177 653 1232 quid
698 1189 724 1221 e
772 1176 961 1221 Marone
1007 1178 1259 1233 sumpserit,
1301 1190 1326 1221 a
1357 1186 1512 1222 nostro
1542 1186 1771 1234 tantopere
1802 1187 2015 1223 mutatum

312 1258 411 1291 esse
442 1256 488 1291 ut
518 1248 625 1291 novi
656 1248 817 1304 aliquid
848 1257 995 1292 ortum
1026 1249 1092 1292 sit.

371 1317 607 1362 Praeterea
652 1331 830 1375 semper
876 1328 918 1363 et
949 1319 1110 1376 ubique
1142 1331 1366 1363 memores
1396 1320 1534 1363 simus
1565 1320 1807 1364 verborum
1837 1319 2012 1365 illorum

311 1388 753 1444 prudentissimorum
801 1389 1017 1434 Plessisii:
1070 1390 1122 1443 „il
1167 1399 1233 1434 est
1279 1391 1369 1434 tres
1416 1391 1515 1434 bien
1562 1390 1618 1434 de
1661 1389 1926 1435 rechercher
1971 1389 2012 1434 la

309 1457 485 1503 filiation
532 1459 637 1503 d’un
683 1461 843 1516 poeme
888 1470 931 1504 et
975 1460 1031 1504 de
1078 1469 1276 1504 montrer
1321 1460 1625 1505 l'ascendance
1670 1461 1876 1505 litteraire
1906 1460 2011 1505 d'un

307 1530 532 1573 ecrivain:
557 1532 598 1585 je
633 1530 851 1575 demande
886 1531 1129 1575 seulement
1165 1543 1250 1588 que
1287 1531 1376 1576 l'on
1399 1544 1456 1591 ne
1476 1532 1704 1587 supprime
1725 1543 1804 1588 pas
1825 1531 2012 1576 l'auteur

308 1600 528 1644 lui-meme
559 1610 601 1644 et
632 1613 713 1644 son
745 1602 900 1646 livre”.

369 1670 491 1726 Quid
523 1671 650 1715 nobis
682 1672 961 1729 cogitandum
992 1673 1046 1716 sit
1076 1672 1131 1715 de
1161 1672 1232 1716 illo
1265 1671 1502 1717 Pierleonii
1519 1672 1731 1728 catalogo,
1752 1671 2006 1728 exemplum

307 1740 448 1796 docet,
481 1741 600 1798 quod
632 1744 850 1798 sequitur:

309 1809 485 1868 Cyneg.
517 1810 753 1854 441-442
788 1809 986 1855 Grattius
1018 1811 1126 1856 haee
1158 1811 1308 1855 habet:

779 1882 848 1922 ter
878 1878 1071 1934 quisque
1099 1882 1278 1933 vocant,
1311 1881 1379 1923 ter
1403 1878 1599 1934 pinguia
1628 1878 1774 1923 libant

775 1953 879 1993 tura
899 1948 1026 2005 foco,
1058 1949 1251 1993 struitur
1279 1949 1423 1993 ramis
1444 1949 1663 2006 felicibus
1691 1961 1789 1994 ara.

366 2019 561 2077 Contigit
602 2020 853 2065 Pierleonio
884 2030 930 2064 ut
958 2022 1003 2064 in
1038 2019 1274 2077 Georgicis
1305 2020 1449 2064 locum
1482 2021 1710 2076 inveniret,
1742 2021 1816 2065 ubi
1847 2021 2006 2065 adver-

303 2091 420 2135 bium
469 2094 537 2135 ter
581 2092 759 2148 legitur:
805 2103 910 2135 ecce
951 2100 1095 2135 autem
1140 2090 1340 2135 Grattius
1370 2091 1534 2134 furtum
1565 2090 1722 2135 fecisse
1753 2100 2002 2135 accusatur:

306 2160 477 2218 Georg.
511 2161 588 2216 IV,
619 2161 706 2205 384
738 2165 806 2205 ter
857 2162 1032 2216 liquido
1077 2162 1314 2205 ardentem
1344 2160 1551 2218 perfudit
1589 2165 1772 2205 nectare
1819 2159 2002 2205 Vestam

616 2232 703 2275 385
735 2236 804 2276 ter
833 2232 1031 2288 flamma
1071 2232 1134 2276 ad
1173 2244 1404 2276 summum
1445 2231 1552 2276 tecti
1590 2231 1796 2276 subiecta
1835 2231 2002 2276 reluxit

301 2303 374 2358 qui
425 2314 583 2348 versus
627 2303 755 2347 simul
800 2303 1006 2359 exemplo
1037 2302 1174 2358 fuere,
1205 2305 1243 2347 si
1275 2303 1524 2348 Pierleonio
1555 2303 1789 2357 credimus,
1825 2300 2000 2347 Grattio

301 2385 458 2418 versus
489 2373 724 2417 457—460
754 2374 980 2418 scribenti:

1285 2445 1401 2488 deus
1432 2444 1561 2488 illam
1591 2443 1788 2488 molliter
1816 2454 1946 2488 aram

726 2514 887 2558 lambit
915 2518 963 2558 et
991 2514 1092 2569 ipse
1121 2526 1233 2559 suos
1265 2514 1343 2558 ubi
1376 2514 1567 2571 contigit
1597 2514 1720 2570 ignis
1751 2513 1948 2558 honores

724 2584 904 2642 defugit
932 2596 963 2628 a
992 2585 1159 2629 sacris.
1179 2619 1190 2629 .
1209 2618 1220 2628 .

359 2657 496 2701 Vides
537 2669 720 2713 prorsus
761 2668 860 2700 esse
901 2658 1198 2700 necessarium
1242 2656 1475 2701 Pierleonii
1519 2655 1762 2712 catalogum
1794 2663 1995 2699 accurate

296 2729 563 2782 examinari;
594 2736 726 2771 totam
744 2728 873 2783 igitur
894 2726 1082 2771 tabulam
1103 2728 1375 2781 exscribam;
1406 2739 1486 2771 eos
1506 2735 1650 2770 autem
1672 2726 1795 2770 locos
1819 2723 1994 2780 Grattii‚

295 2799 368 2842 ubi
415 2800 509 2842 iure
555 2799 744 2842 imitator
774 2810 872 2841 esse
904 2798 1073 2852 dicitur,
1106 2799 1258 2853 pronis
1289 2798 1440 2842 litteris
1470 2796 1787 2853 imprimendos
1817 2796 1993 2839 curavi:

299 2867 358 2912 G.
394 2869 424 2913 1.
464 2869 515 2913 12
723 2868 918 2912 Munera
948 2871 1103 2912 vestra
1134 2879 1262 2912 cano.

298 2938 417 2996 Cyn.
452 2939 484 2984 1.
721 2939 845 2982 dona
875 2950 1001 3011 canos
1022 2939 1186 2983 divom.

297 3009 357 3063 G.
392 3010 423 3055 1.
463 3009 691 3055 133-134
723 3019 768 3054 ut
799 3011 945 3054 varias
975 3021 1081 3053 usus
1114 3010 1363 3053 meditando
1395 3009 1654 3053 extunderet
1686 3009 1788 3052 artis

723 3081 942 3137 paulatim.

295 3150 354 3197 G.
391 3152 421 3197 Ι.
461 3153 541 3196 145
719 3162 811 3195 tum
844 3153 990 3196 variae
1023 3163 1186 3196 venere
1217 3160 1346 3195 artes
