2210 3568
1013 212 1095 257 115

191 345 346 391 histor.
381 344 541 390 Klasse
579 343 704 388 1855.
737 356 779 401 p.
812 342 872 388 28
903 355 984 400 sq.‚
1019 343 1066 387 Ρ.
1101 342 1411 396 Bienkowski,
1445 342 1713 397 Malocchio,
1733 342 1906 388 Eranos

192 410 571 471 vindobonensiS,
618 414 750 460 Wien
798 413 922 459 1893.
956 427 998 471 p.
1029 413 1292 469 285—303;
1332 414 1538 458 Theodor
1572 413 1803 469 Weidlich‚
1835 415 1906 459 die

192 485 454 544 Sympathie
483 488 528 531 in
560 486 640 532 der
672 486 851 531 antiken
886 485 1137 538 Litteratur,
1161 484 1427 542 Programm
1449 485 1529 530 des
1549 483 1907 542 Karls-Gymna·

189 559 331 605 siums
360 570 419 604 zu
449 557 661 615 Stuttgart
699 556 945 608 1893—94,
975 570 1015 613 p.
1045 556 1237 601 55—58.
1304 556 1372 601 Ex
1402 556 1627 601 Plutarchi
1642 557 1754 601 libro
1770 569 1907 614 supra

190 629 367 675 laudato
417 629 539 674 iuvat
589 641 662 674 me
713 629 823 673 haec
870 627 1069 672 adferre:
1121 628 1373 681 γιγώσκομεν
1392 659 1402 669 .
1422 660 1432 669 .
1452 660 1462 669 .
1483 662 1493 673 ,
1541 628 1796 684 ἀνθρώπους
1846 636 1906 685 τῷ

162 698 475 759 Χποαᾞεβλῖττειν
521 701 576 742 τὰ
621 698 773 742 παιδία
819 697 1006 753 μάλιστα
1051 697 1328 756 βλάπτοντας
1346 731 1355 740 .
1375 731 1384 740 .
1405 716 1441 741 .·
1488 701 1586 748 τοὺς
1620 715 1666 752 γε
1707 701 1799 755 περὶ
1830 701 1906 742 τὸν

189 772 363 817 Πόντον
407 771 627 820 οἰκοῦντας
656 768 794 812 πάλαι
827 771 978 828 Θηβεῖς
1009 770 1441 826 προσαγορευομένους
1489 772 1638 827 ἱστορεῖ
1686 769 1906 828 Φύλαρχος

188 843 240 886 οὔ
284 841 469 899 παιδίοις
513 843 654 897 μόνον,
696 839 809 883 ἀλλὰ
851 843 922 883 καὶ
979 840 1143 890 τελείοις
1189 840 1404 897 ὀλεθρίους
1450 839 1578 886 εἶναι·
1626 844 1696 884 καὶ
1736 844 1817 898 γὰρ
1857 843 1905 884 τὸ

188 913 353 974 βλέμμα
398 914 470 956 καὶ
507 914 584 967 τὴν
629 914 852 968 ἀναπνοὴν
896 915 969 956 καὶ
1006 915 1084 968 τὴν
1115 911 1335 957 διάλεκτον
1365 914 1509 957 αὐτῶν
1539 911 1901 970 παραδεχομένους
1927 896 1935 907 ,

188 986 392 1041 τήκεσθαι
423 986 494 1028 καὶ
525 992 672 1030 νοσεῖν.

897 1128 974 1174 De
1002 1128 1200 1174 scabie.

251 1271 321 1318 De
365 1273 515 1317 scabie
551 1283 719 1316 canum
762 1284 904 1329 pauca
945 1271 1187 1316 admodum
1225 1271 1412 1328 legimus
1455 1271 1572 1328 apud
1607 1269 1904 1316 Columellam

189 1341 289 1389 v11.
328 1342 400 1388 13:
430 1343 477 1388 si
505 1343 702 1396 scabies,
733 1344 885 1400 inquit,
919 1342 1181 1400 infestabit,
1210 1343 1348 1399 gypsi
1369 1346 1413 1387 et
1433 1342 1611 1386 sesami
1631 1341 1902 1386 tantundem

187 1413 424 1468 conterito,
445 1417 491 1459 et
505 1425 608 1459 cum
620 1415 725 1471 pice
740 1415 920 1470 liquida
931 1415 1208 1471 permisceto
1223 1415 1534 1470 vitiosamque
1545 1418 1727 1470 partem
1743 1413 1905 1458 linito:

188 1485 312 1542 quod
357 1485 739 1531 medicamentum
775 1490 971 1542 putatur
1007 1487 1150 1531 etiam
1181 1486 1444 1530 hominibus
1476 1497 1581 1530 esse
1611 1485 1902 1531 conveniens,

188 1556 366 1602 Eadem
391 1558 544 1614 pestis
572 1558 619 1603 si
641 1556 795 1616 fuerit
824 1558 1150 1611 vehementior,
1182 1557 1368 1602 cedrino
1398 1557 1576 1613 liquore
1607 1557 1828 1602 aboletur.

250 1627 372 1674 Cum
418 1639 566 1675 autem
612 1643 773 1675 canum
819 1631 991 1675 scabies
1037 1631 1197 1675 eodem
1243 1629 1339 1675 fere
1383 1630 1519 1674 modo
1562 1638 1742 1674 curetur
1773 1638 1904 1686 atquc

187 1701 341 1747 ovium
372 1701 649 1759 aliorumque
669 1702 938 1757 animalium,
959 1703 1090 1747 etiam
1113 1714 1226 1758 quae
1242 1701 1298 1746 de
1320 1703 1474 1746 ovium
1492 1702 1641 1746 scabie
1656 1702 1903 1756 traduntur,

186 1772 487 1830 comparanda
515 1783 633 1818 sunt.
667 1773 737 1818 De
761 1774 915 1818 ovium
936 1774 1084 1818 scabie
1106 1775 1380 1830 scripserunt
1405 1771 1536 1828 Cato,
1556 1772 1718 1828 Varro,
1736 1772 1902 1830 Vergil.

190 1841 377 1902 Georg„
412 1842 662 1890 Columella
692 1847 767 1903 qui
802 1843 990 1890 Catonis
1021 1855 1256 1902 praecepta
1288 1846 1505 1902 repetivit,
1540 1843 1820 1901 Geoponica.

247 1915 366 1962 Cato
409 1915 484 1974 (de
531 1929 580 1961 re
611 1918 773 1961 rustica
819 1916 923 1970 96):
971 1928 1082 1961 oves
1123 1928 1182 1960 ne
1216 1916 1410 1960 scabrae
1434 1915 1573 1973 fiant,
1605 1927 1903 1960 amurcam

186 1985 353 2046 (Gratt.
395 1987 500 2045 416)
541 1988 740 2041 condito,
767 2000 936 2044 puram
967 1988 1080 2032 bene
1103 1987 1272 2045 facito,
1303 2000 1476 2044 aquam
1509 1988 1559 2031 in
1589 1999 1682 2043 qua
1713 1986 1901 2042 lupinus

186 2057 438 2116 deseruerit
482 2063 525 2104 er
564 2058 753 2116 faecem
799 2060 857 2104 de
902 2060 1012 2104 vino
1054 2060 1174 2104 bono
1202 2060 1324 2104 inter
1351 2071 1404 2104 se
1435 2060 1594 2104 omnia
1625 2059 1903 2104 conmisceto

181 2130 371 2186 pariter.
400 2134 568 2187 postea
599 2143 701 2175 curn
732 2131 1010 2186 detonderis,
1044 2131 1235 2187 unguito
1265 2134 1403 2186 totas,
1434 2131 1579 2175 sinito
1609 2131 1798 2175 biduum
1820 2133 1903 2174 aut

185 2201 390 2247 triduum
419 2203 762 2258 consudent,
794 2203 1010 2247 deinde
1039 2203 1230 2247 lavito
1262 2203 1319 2247 in
1340 2201 1900 2257 mari(cf.G1-att.425):

185 2273 232 2318 si
261 2285 433 2330 aquarn
465 2274 695 2318 marinam
725 2286 819 2319 non
850 2274 1054 2330 habebis,
1079 2273 1235 2335 facito
1265 2285 1438 2330 aquam
1452 2274 1646 2327 salsam,
1668 2285 1726 2319 ea
1742 2273 1898 2332 lavit0.

185 2344 232 2390 si
261 2345 376 2390 haec
404 2345 475 2390 sic
495 2343 688 2403 seceris,
720 2357 867 2402 neque
896 2347 1088 2391 scabrae
1111 2346 1231 2404 fient
1257 2350 1299 2391 et
1324 2346 1463 2391 lanae
1481 2346 1591 2402 plus
1609 2347 1653 2389 et
1670 2342 1901 2388 meliorem

185 2417 413 2462 habebunt
445 2421 490 2462 et
521 2417 658 2462 ricini
688 2429 782 2463 non
812 2422 947 2463 erunt
978 2418 1175 2463 molesti.
1210 2418 1415 2463 eodem
1447 2418 1510 2462 in
1540 2427 1741 2462 omnes
1773 2425 1903 2470 qua-

186 2489 479 2545 drupedes
511 2489 680 2545 utito,
711 2489 768 2534 si
797 2490 1052 2551 scabrae
1083 2494 1271 2535 erunt.

154 2595 160 2601 .
248 2558 436 2606 Catonis
482 2570 717 2618 praecepta
767 2559 1018 2607 Columella
1066 2561 1166 2608 VII.
1213 2563 1256 2607 4.
1300 2561 1329 2606 7
1377 2562 1606 2619 repetivit:
1653 2570 1812 2604 veram
1842 2568 1900 2600 ea

187 2632 462 2688 quandoque
502 2633 698 2677 detonsa
730 2630 895 2689 fuerit,
939 2633 1083 2690 ungui
1122 2634 1255 2678 debet
1291 2633 1378 2678 tali
1410 2632 1726 2678 medicamine.
1759 2639 1900 2674 sucus

186 2703 360 2748 excocti
389 2703 540 2760 lupini
569 2704 829 2760 veterisque
858 2705 958 2750 vini
979 2704 1103 2762 faex
1133 2709 1179 2750 et
1209 2717 1399 2750 amurca
1427 2705 1536 2761 pan·
1559 2714 1777 2749 mensura
1795 2700 1901 2745 mis-

187 2778 348 2820 centur
371 2787 515 2832 eoque
536 2776 790 2833 liquamine
815 2780 954 2821 tonsa
980 2777 1083 2821 ovis
1110 2777 1326 2830 inbuitur,
1353 2780 1492 2832 atque
1509 2776 1587 2821 ubi
1598 2786 1685 2831 per
1697 2773 1900 2818 triduam

187 2846 390 2891 delibuto
433 2850 559 2904 tergo
605 2848 809 2892 remedia
851 2848 1063 2904 perbibit,
1109 2853 1275 2905 quarto
1311 2849 1401 2904 die,
1443 2848 1499 2892 si
1539 2851 1628 2892 est
1664 2842 1900 2890 vicinia

188 2918 384 2974 mari-³,
431 2919 505 2963 ad
549 2920 707 2964 litus
748 2920 1000 2965 deducta
1041 2924 1362 2974 mersatur,·
1406 2921 1451 2964 si
1483 2919 1651 2971 minuS,
1682 2915 1899 2962 caelestis

186 3001 312 3047 aqua
341 2990 427 3035 sub
458 2991 538 3035 dio
559 2993 596 3049 ι)
626 2992 806 3036 salibus
839 2992 887 3037 in
918 2993 1037 3037 hunc
1062 3005 1197 3037 usum
1224 2993 1393 3037 durata
1412 2992 1606 3047 paulum
1632 2986 1903 3045 decoquitur

234 3140 265 3187 ¹)
288 3143 462 3179 subsidio
487 3142 606 3178 codex
633 3142 984 3187 Sangermanensis.
