<?xml version="1.0" encoding="UTF-8"?>
<!DOCTYPE html PUBLIC "-//W3C//DTD XHTML 1.0 Transitional//EN"
    "http://www.w3.org/TR/xhtml1/DTD/xhtml1-transitional.dtd">
<html xmlns="http://www.w3.org/1999/xhtml" xml:lang="en" lang="en">
 <head>
  <title>
</title>
<meta http-equiv="Content-Type" content="text/html;charset=utf-8" />
  <meta name='ocr-system' content='tesseract 3.04.00' />
  <meta name='ocr-capabilities' content='ocr_page ocr_carea ocr_par ocr_line ocrx_word'/>
</head>
<body>
  <div class='ocr_page' id='page_1' title='image "./cynegeticonquaes00gratuoft_0224.png"; bbox 0 0 2210 3568; ppageno 0'>
   <div class='ocr_carea' id='block_1_1' title="bbox 1160 204 1240 249">
    <p class='ocr_par' dir='ltr' id='par_1_1' title="bbox 1160 204 1240 249">
     <span class='ocr_line' id='line_1_1' title="bbox 1160 204 1240 249; baseline -0.013 0"><span class='ocrx_word' id='word_1_1' title='bbox 1160 204 1240 249; x_wconf 86' lang='lat'>104</span> 
     </span>
    </p>
   </div>
   <div class='ocr_carea' id='block_1_2' title="bbox 405 334 1007 381">
    <p class='ocr_par' dir='ltr' id='par_1_2' title="bbox 405 334 1007 381">
     <span class='ocr_line' id='line_1_2' title="bbox 405 334 1007 381; baseline -0.002 -1"><span class='ocrx_word' id='word_1_2' title='bbox 405 334 506 380; x_wconf 88' lang='grc'><strong>362.</strong></span> <span class='ocrx_word' id='word_1_3' title='bbox 538 336 709 381; x_wconf 84' lang='lat' dir='ltr'>tacta:</span> <span class='ocrx_word' id='word_1_4' title='bbox 740 346 799 379; x_wconf 89' lang='lat' dir='ltr'>sc.</span> <span class='ocrx_word' id='word_1_5' title='bbox 834 335 1007 379; x_wconf 81' lang='lat' dir='ltr'>morbo,</span> 
     </span>
    </p>
   </div>
   <div class='ocr_carea' id='block_1_3' title="bbox 346 462 2052 733">
    <p class='ocr_par' dir='ltr' id='par_1_3' title="bbox 346 462 2052 733">
     <span class='ocr_line' id='line_1_3' title="bbox 407 462 2049 522; baseline 0.001 -13"><span class='ocrx_word' id='word_1_6' title='bbox 407 463 509 509; x_wconf 84' lang='lat'><strong>363.</strong></span> <span class='ocrx_word' id='word_1_7' title='bbox 540 464 674 519; x_wconf 87' lang='lat' dir='ltr'>picis</span> <span class='ocrx_word' id='word_1_8' title='bbox 713 462 973 520; x_wconf 84' lang='lat' dir='ltr'>unguine:</span> <span class='ocrx_word' id='word_1_9' title='bbox 1012 463 1193 519; x_wconf 85' lang='lat' dir='ltr'>Plinius,</span> <span class='ocrx_word' id='word_1_10' title='bbox 1236 464 1353 508; x_wconf 87' lang='lat' dir='ltr'>Hist.</span> <span class='ocrx_word' id='word_1_11' title='bbox 1388 463 1491 514; x_wconf 32' lang='lat' dir='ltr'>Nati</span> <span class='ocrx_word' id='word_1_12' title='bbox 1522 463 1668 508; x_wconf 87' lang='lat' dir='ltr'>XXIV</span> <span class='ocrx_word' id='word_1_13' title='bbox 1700 463 1760 508; x_wconf 89' lang='lat'>38</span> <span class='ocrx_word' id='word_1_14' title='bbox 1789 464 1844 508; x_wconf 90' lang='lat' dir='ltr'>de</span> <span class='ocrx_word' id='word_1_15' title='bbox 1876 465 1973 522; x_wconf 89' lang='lat' dir='ltr'>pice</span> <span class='ocrx_word' id='word_1_16' title='bbox 2001 474 2049 510; x_wconf 87' lang='lat' dir='ltr'>et</span> 
     </span>
     <span class='ocr_line' id='line_1_4' title="bbox 350 533 2042 591; baseline 0.001 -12"><span class='ocrx_word' id='word_1_17' title='bbox 350 536 431 579; x_wconf 87' lang='lat' dir='ltr'>alia</span> <span class='ocrx_word' id='word_1_18' title='bbox 461 536 609 579; x_wconf 89' lang='lat' dir='ltr'><strong>scribit</strong></span> <span class='ocrx_word' id='word_1_19' title='bbox 638 544 680 579; x_wconf 90' lang='lat' dir='ltr'>et</span> <span class='ocrx_word' id='word_1_20' title='bbox 712 534 843 579; x_wconf 89' lang='lat' dir='ltr'>haec:</span> <span class='ocrx_word' id='word_1_21' title='bbox 877 535 1028 578; x_wconf 81' lang='lat' dir='ltr'>ulcera</span> <span class='ocrx_word' id='word_1_22' title='bbox 1053 539 1234 591; x_wconf 82' lang='lat' dir='ltr'>purgat,</span> <span class='ocrx_word' id='word_1_23' title='bbox 1265 535 1440 590; x_wconf 82' lang='lat' dir='ltr'>explet3</span> <span class='ocrx_word' id='word_1_24' title='bbox 1462 534 1517 579; x_wconf 83' lang='lat' dir='ltr'>cf.</span> <span class='ocrx_word' id='word_1_25' title='bbox 1543 533 1853 590; x_wconf 82' lang='lat' dir='ltr'><strong>Columellam,</strong></span> <span class='ocrx_word' id='word_1_26' title='bbox 1877 534 1954 580; x_wconf 91' lang='lat' dir='ltr'>VI.</span> <span class='ocrx_word' id='word_1_27' title='bbox 1970 534 2042 580; x_wconf 79' lang='lat'>26.</span> 
     </span>
     <span class='ocr_line' id='line_1_5' title="bbox 346 605 2052 661; baseline -0.002 -11"><span class='ocrx_word' id='word_1_28' title='bbox 346 606 498 661; x_wconf 84' lang='lat' dir='ltr'>placet</span> <span class='ocrx_word' id='word_1_29' title='bbox 528 605 668 649; x_wconf 84' lang='lat' dir='ltr'>etiam</span> <span class='ocrx_word' id='word_1_30' title='bbox 693 605 798 661; x_wconf 83' lang='lat' dir='ltr'><em>pice</em></span> <span class='ocrx_word' id='word_1_31' title='bbox 827 605 1003 661; x_wconf 84' lang='lat' dir='ltr'>liquida</span> <span class='ocrx_word' id='word_1_32' title='bbox 1034 610 1079 650; x_wconf 86' lang='lat' dir='ltr'>et</span> <span class='ocrx_word' id='word_1_33' title='bbox 1108 606 1257 650; x_wconf 87' lang='lat' dir='ltr'>cinere</span> <span class='ocrx_word' id='word_1_34' title='bbox 1288 617 1391 649; x_wconf 84' lang='lat' dir='ltr'>cam</span> <span class='ocrx_word' id='word_1_35' title='bbox 1420 605 1586 661; x_wconf 81' lang='lat' dir='ltr'>exiguo</span> <span class='ocrx_word' id='word_1_36' title='bbox 1616 605 1718 649; x_wconf 89' lang='lat' dir='ltr'>oleo</span> <span class='ocrx_word' id='word_1_37' title='bbox 1746 605 1906 650; x_wconf 80' lang='lat' dir='ltr'>ulcera</span> <span class='ocrx_word' id='word_1_38' title='bbox 1938 605 2052 661; x_wconf 80' lang='lat' dir='ltr'>ipsa.</span> 
     </span>
     <span class='ocr_line' id='line_1_6' title="bbox 347 675 2047 733; baseline -0.001 -12"><span class='ocrx_word' id='word_1_39' title='bbox 347 679 457 733; x_wconf 84' lang='lat' dir='ltr'>post</span> <span class='ocrx_word' id='word_1_40' title='bbox 494 676 696 720; x_wconf 75' lang='lat' dir='ltr'>triduum</span> <span class='ocrx_word' id='word_1_41' title='bbox 736 675 877 720; x_wconf 87' lang='lat' dir='ltr'>linere</span> <span class='ocrx_word' id='word_1_42' title='bbox 916 677 1036 731; x_wconf 84' lang='lat' dir='ltr'>quod</span> <span class='ocrx_word' id='word_1_43' title='bbox 1076 680 1121 721; x_wconf 86' lang='lat' dir='ltr'>et</span> <span class='ocrx_word' id='word_1_44' title='bbox 1159 676 1351 721; x_wconf 82' lang='lat' dir='ltr'>celerias</span> <span class='ocrx_word' id='word_1_45' title='bbox 1389 676 1644 720; x_wconf 83' lang='lat' dir='ltr'><em>cicatricem</em></span> <span class='ocrx_word' id='word_1_46' title='bbox 1684 676 1870 731; x_wconf 82' lang='lat' dir='ltr'>ducant,</span> <span class='ocrx_word' id='word_1_47' title='bbox 1902 687 1984 721; x_wconf 85' lang='lat' dir='ltr'>nec</span> <span class='ocrx_word' id='word_1_48' title='bbox 2014 687 2047 720; x_wconf 92' lang='lat' dir='ltr'><em>a</em></span> 
     </span>
    </p>
   </div>
   <div class='ocr_carea' id='block_1_4' title="bbox 353 745 2052 874">
    <p class='ocr_par' dir='ltr' id='par_1_4' title="bbox 353 745 2052 874">
     <span class='ocr_line' id='line_1_7' title="bbox 354 745 2052 804; baseline 0 -13"><span class='ocrx_word' id='word_1_49' title='bbox 354 747 524 791; x_wconf 85' lang='lat' dir='ltr'>muscis</span> <span class='ocrx_word' id='word_1_50' title='bbox 568 745 842 804; x_wconf 82' lang='lat' dir='ltr'>infestentur</span> <span class='ocrx_word' id='word_1_51' title='bbox 854 760 870 801; x_wconf 93' lang='lat'><em>;</em></span> <span class='ocrx_word' id='word_1_52' title='bbox 901 746 1000 792; x_wconf 92' lang='lat' dir='ltr'>V11.</span> <span class='ocrx_word' id='word_1_53' title='bbox 1032 748 1060 791; x_wconf 91' lang='grc'>5</span> <span class='ocrx_word' id='word_1_54' title='bbox 1092 748 1243 792; x_wconf 83' lang='lat' dir='ltr'>ulcera</span> <span class='ocrx_word' id='word_1_55' title='bbox 1287 748 1504 792; x_wconf 81' lang='lat' dir='ltr'>lavantur</span> <span class='ocrx_word' id='word_1_56' title='bbox 1545 749 1690 802; x_wconf 78' lang='lat' dir='ltr'>acetO,</span> <span class='ocrx_word' id='word_1_57' title='bbox 1737 750 1783 790; x_wconf 85' lang='lat' dir='ltr'>et</span> <span class='ocrx_word' id='word_1_58' title='bbox 1810 750 1919 791; x_wconf 81' lang='lat' dir='ltr'>tunc</span> <span class='ocrx_word' id='word_1_59' title='bbox 1943 746 2052 803; x_wconf 80' lang='lat' dir='ltr'>pice</span> 
     </span>
     <span class='ocr_line' id='line_1_8' title="bbox 353 817 1329 874; baseline 0 -12"><span class='ocrx_word' id='word_1_60' title='bbox 353 818 530 874; x_wconf 83' lang='lat' dir='ltr'>liquida</span> <span class='ocrx_word' id='word_1_61' title='bbox 559 829 660 862; x_wconf 83' lang='lat' dir='ltr'>cam</span> <span class='ocrx_word' id='word_1_62' title='bbox 689 818 828 874; x_wconf 86' lang='lat' dir='ltr'><em>adipe</em></span> <span class='ocrx_word' id='word_1_63' title='bbox 856 817 997 862; x_wconf 82' lang='lat' dir='ltr'>suilla</span> <span class='ocrx_word' id='word_1_64' title='bbox 1023 818 1329 874; x_wconf 78' lang='lat' dir='ltr'>perlinuntar.</span> 
     </span>
    </p>
   </div>
   <div class='ocr_carea' id='block_1_5' title="bbox 353 939 2058 1287">
    <p class='ocr_par' dir='ltr' id='par_1_5' title="bbox 353 939 2058 1287">
     <span class='ocr_line' id='line_1_9' title="bbox 412 939 2052 1010; baseline -0.001 -18"><span class='ocrx_word' id='word_1_65' title='bbox 412 947 514 993; x_wconf 84' lang='lat'><strong>364.</strong></span> <span class='ocrx_word' id='word_1_66' title='bbox 546 948 818 993; x_wconf 81' lang='lat' dir='ltr'>destricto,</span> <span class='ocrx_word' id='word_1_67' title='bbox 840 983 848 991; x_wconf 93' lang='lat'><strong>.</strong></span> <span class='ocrx_word' id='word_1_68' title='bbox 868 981 908 992; x_wconf 88' lang='lat'>..</span> <span class='ocrx_word' id='word_1_69' title='bbox 971 949 1214 995; x_wconf 86' lang='lat' dir='ltr'>volnere:</span> <span class='ocrx_word' id='word_1_70' title='bbox 1271 949 1432 992; x_wconf 91' lang='lat' dir='ltr'>vulnus</span> <span class='ocrx_word' id='word_1_71' title='bbox 1487 948 1727 1004; x_wconf 88' lang='lat' dir='ltr'>appellatur</span> <span class='ocrx_word' id='word_1_72' title='bbox 1771 939 2052 1010; x_wconf 68' lang='lat' dir='ltr'>destrictum,</span> 
     </span>
     <span class='ocr_line' id='line_1_10' title="bbox 357 1010 2056 1076; baseline 0 -13"><span class='ocrx_word' id='word_1_73' title='bbox 357 1020 458 1075; x_wconf 89' lang='lat' dir='ltr'>quia</span> <span class='ocrx_word' id='word_1_74' title='bbox 485 1019 608 1076; x_wconf 92' lang='lat' dir='ltr'>pellis</span> <span class='ocrx_word' id='word_1_75' title='bbox 638 1019 920 1076; x_wconf 87' lang='lat' dir='ltr'>destringitur</span> <span class='ocrx_word' id='word_1_76' title='bbox 951 1020 1037 1064; x_wconf 91' lang='lat' dir='ltr'>levi</span> <span class='ocrx_word' id='word_1_77' title='bbox 1067 1021 1154 1064; x_wconf 91' lang='lat' dir='ltr'>ictu</span> <span class='ocrx_word' id='word_1_78' title='bbox 1185 1010 1426 1064; x_wconf 78' lang='lat' dir='ltr'>morsuve.&#39;</span> <span class='ocrx_word' id='word_1_79' title='bbox 1440 1019 1579 1064; x_wconf 87' lang='lat' dir='ltr'>Recte</span> <span class='ocrx_word' id='word_1_80' title='bbox 1613 1018 1826 1064; x_wconf 87' lang='lat' dir='ltr'>Heinsius</span> <span class='ocrx_word' id='word_1_81' title='bbox 1855 1018 1926 1063; x_wconf 88' lang='lat' dir='ltr'>hie</span> <span class='ocrx_word' id='word_1_82' title='bbox 1953 1010 2056 1063; x_wconf 72' lang='lat' dir='ltr'>des-</span> 
     </span>
     <span class='ocr_line' id='line_1_11' title="bbox 354 1087 2058 1146; baseline -0.001 -12"><span class='ocrx_word' id='word_1_83' title='bbox 354 1090 487 1135; x_wconf 80' lang='lat' dir='ltr'>tricto</span> <span class='ocrx_word' id='word_1_84' title='bbox 531 1091 674 1135; x_wconf 84' lang='lat' dir='ltr'>reddit</span> <span class='ocrx_word' id='word_1_85' title='bbox 720 1091 945 1135; x_wconf 89' lang='lat' dir='ltr'>vocabulis</span> <span class='ocrx_word' id='word_1_86' title='bbox 989 1090 1150 1135; x_wconf 83' lang='lat' dir='ltr'>leviter</span> <span class='ocrx_word' id='word_1_87' title='bbox 1190 1091 1443 1146; x_wconf 80' lang='lat' dir='ltr'>vulnerato,</span> <span class='ocrx_word' id='word_1_88' title='bbox 1487 1090 1653 1135; x_wconf 89' lang='lat' dir='ltr'>collatis</span> <span class='ocrx_word' id='word_1_89' title='bbox 1684 1102 1801 1135; x_wconf 87' lang='lat' dir='ltr'>vers.</span> <span class='ocrx_word' id='word_1_90' title='bbox 1832 1088 1935 1134; x_wconf 89' lang='grc'><strong>275.</strong></span> <span class='ocrx_word' id='word_1_91' title='bbox 1963 1087 2058 1134; x_wconf 86' lang='grc'>276</span> 
     </span>
     <span class='ocr_line' id='line_1_12' title="bbox 358 1159 2058 1218; baseline -0.001 -13"><span class='ocrx_word' id='word_1_92' title='bbox 358 1161 483 1218; x_wconf 88' lang='lat' dir='ltr'>epist.</span> <span class='ocrx_word' id='word_1_93' title='bbox 530 1160 634 1205; x_wconf 94' lang='lat' dir='ltr'>XVI</span> <span class='ocrx_word' id='word_1_94' title='bbox 682 1160 892 1205; x_wconf 89' lang='lat' dir='ltr'>Heroid.:</span> <span class='ocrx_word' id='word_1_95' title='bbox 935 1173 1027 1205; x_wconf 88' lang='lat' dir='ltr'>non</span> <span class='ocrx_word' id='word_1_96' title='bbox 1058 1172 1161 1205; x_wconf 89' lang='lat' dir='ltr'>mea</span> <span class='ocrx_word' id='word_1_97' title='bbox 1189 1165 1298 1205; x_wconf 83' lang='lat' dir='ltr'>sant</span> <span class='ocrx_word' id='word_1_98' title='bbox 1326 1172 1511 1205; x_wconf 82' lang='lat' dir='ltr'>summa</span> <span class='ocrx_word' id='word_1_99' title='bbox 1541 1160 1703 1205; x_wconf 83' lang='lat' dir='ltr'>leviter</span> <span class='ocrx_word' id='word_1_100' title='bbox 1731 1159 1950 1205; x_wconf 84' lang='lat' dir='ltr'>destricta</span> <span class='ocrx_word' id='word_1_101' title='bbox 1975 1170 2058 1203; x_wconf 83' lang='lat' dir='ltr'>sa-</span> 
     </span>
     <span class='ocr_line' id='line_1_13' title="bbox 353 1231 1646 1287; baseline 0.001 -12"><span class='ocrx_word' id='word_1_102' title='bbox 353 1231 473 1286; x_wconf 83' lang='lat' dir='ltr'>gitta</span> <span class='ocrx_word' id='word_1_103' title='bbox 503 1234 522 1286; x_wconf 79' lang='lat' dir='ltr'><em>s</em></span> <span class='ocrx_word' id='word_1_104' title='bbox 552 1242 756 1287; x_wconf 83' lang='lat' dir='ltr'>corpora,</span> <span class='ocrx_word' id='word_1_105' title='bbox 788 1231 1020 1276; x_wconf 81' lang='lat' dir='ltr'>descendit</span> <span class='ocrx_word' id='word_1_106' title='bbox 1051 1232 1216 1276; x_wconf 81' lang='lat' dir='ltr'>vulnus</span> <span class='ocrx_word' id='word_1_107' title='bbox 1246 1232 1309 1275; x_wconf 85' lang='lat' dir='ltr'>ad</span> <span class='ocrx_word' id='word_1_108' title='bbox 1338 1243 1450 1276; x_wconf 89' lang='lat' dir='ltr'>ossa</span> <span class='ocrx_word' id='word_1_109' title='bbox 1481 1243 1646 1276; x_wconf 83' lang='lat' dir='ltr'>meam.</span> 
     </span>
    </p>
   </div>
   <div class='ocr_carea' id='block_1_6' title="bbox 359 1360 2063 1984">
    <p class='ocr_par' dir='ltr' id='par_1_6' title="bbox 359 1360 2059 1701">
     <span class='ocr_line' id='line_1_14' title="bbox 417 1360 2058 1416; baseline 0 -11"><span class='ocrx_word' id='word_1_110' title='bbox 417 1360 520 1406; x_wconf 86' lang='grc'><strong>365.</strong></span> <span class='ocrx_word' id='word_1_111' title='bbox 550 1361 689 1416; x_wconf 88' lang='lat' dir='ltr'>ipse:</span> <span class='ocrx_word' id='word_1_112' title='bbox 720 1363 864 1416; x_wconf 88' lang='lat' dir='ltr'>canis;</span> <span class='ocrx_word' id='word_1_113' title='bbox 910 1371 1058 1406; x_wconf 89' lang='lat' dir='ltr'>errant</span> <span class='ocrx_word' id='word_1_114' title='bbox 1106 1360 1307 1406; x_wconf 74' lang='lat' dir='ltr'>Stet-nius</span> <span class='ocrx_word' id='word_1_115' title='bbox 1353 1372 1395 1406; x_wconf 91' lang='lat' dir='ltr'>et</span> <span class='ocrx_word' id='word_1_116' title='bbox 1443 1360 1610 1407; x_wconf 90' lang='lat' dir='ltr'>Curcio</span> <span class='ocrx_word' id='word_1_117' title='bbox 1640 1364 1903 1406; x_wconf 84' lang='lat' dir='ltr'>venatorem</span> <span class='ocrx_word' id='word_1_118' title='bbox 1932 1360 2058 1406; x_wconf 86' lang='lat' dir='ltr'>intel-</span> 
     </span>
     <span class='ocr_line' id='line_1_15' title="bbox 359 1431 2056 1489; baseline -0.001 -13"><span class='ocrx_word' id='word_1_119' title='bbox 359 1433 567 1489; x_wconf 82' lang='lat' dir='ltr'>legentes,</span> <span class='ocrx_word' id='word_1_120' title='bbox 599 1431 653 1476; x_wconf 83' lang='lat' dir='ltr'>cf.</span> <span class='ocrx_word' id='word_1_121' title='bbox 701 1432 870 1477; x_wconf 87' lang='lat' dir='ltr'>Aelian.</span> <span class='ocrx_word' id='word_1_122' title='bbox 919 1431 1019 1477; x_wconf 85' lang='lat' dir='ltr'>Nat.</span> <span class='ocrx_word' id='word_1_123' title='bbox 1067 1434 1197 1476; x_wconf 85' lang='lat' dir='ltr'>anim.</span> <span class='ocrx_word' id='word_1_124' title='bbox 1245 1431 1364 1478; x_wconf 93' lang='lat' dir='ltr'><strong>Vlll.</strong></span> <span class='ocrx_word' id='word_1_125' title='bbox 1411 1432 1441 1476; x_wconf 88' lang='lat'>9</span> <span class='ocrx_word' id='word_1_126' title='bbox 1471 1431 1699 1487; x_wconf 69' lang='grc' dir='ltr'><strong><em>τρωθέντες</em></strong></span> <span class='ocrx_word' id='word_1_127' title='bbox 1731 1432 1772 1474; x_wconf 79' lang='grc' dir='ltr'>δὲ</span> <span class='ocrx_word' id='word_1_128' title='bbox 1804 1431 1939 1488; x_wconf 68' lang='grc' dir='ltr'><strong><em>ἔχουσι</em></strong></span> <span class='ocrx_word' id='word_1_129' title='bbox 1980 1433 2056 1486; x_wconf 77' lang='grc' dir='ltr'>τὴν</span> 
     </span>
     <span class='ocr_line' id='line_1_16' title="bbox 360 1498 2059 1559; baseline 0 -15"><span class='ocrx_word' id='word_1_130' title='bbox 360 1500 554 1555; x_wconf 81' lang='grc' dir='ltr'><strong><em>γλῶτταν</em></strong></span> <span class='ocrx_word' id='word_1_131' title='bbox 591 1503 816 1557; x_wconf 67' lang='grc' dir='ltr'><strong><em>φάρμακον,</em></strong></span> <span class='ocrx_word' id='word_1_132' title='bbox 840 1498 941 1558; x_wconf 68' lang='grc' dir='ltr'><strong><em>ᾗπερ</em></strong></span> <span class='ocrx_word' id='word_1_133' title='bbox 966 1499 1040 1546; x_wconf 76' lang='grc' dir='ltr'>οὖν</span> <span class='ocrx_word' id='word_1_134' title='bbox 1066 1501 1400 1559; x_wconf 69' lang='grc' dir='ltr'><strong><em>περιλιχμώμενοι</em></strong></span> <span class='ocrx_word' id='word_1_135' title='bbox 1432 1506 1478 1545; x_wconf 85' lang='grc' dir='ltr'>τὸ</span> <span class='ocrx_word' id='word_1_136' title='bbox 1495 1505 1660 1559; x_wconf 78' lang='grc' dir='ltr'><strong><em>τρωθὲν</em></strong></span> <span class='ocrx_word' id='word_1_137' title='bbox 1680 1503 1795 1559; x_wconf 78' lang='grc' dir='ltr'><strong><em>μέρος</em></strong></span> <span class='ocrx_word' id='word_1_138' title='bbox 1817 1505 1871 1552; x_wconf 78' lang='grc' dir='ltr'>εἷς</span> <span class='ocrx_word' id='word_1_139' title='bbox 1897 1503 2059 1556; x_wconf 71' lang='grc' dir='ltr'><strong><em>ὑγίειαν</em></strong></span> 
     </span>
     <span class='ocr_line' id='line_1_17' title="bbox 361 1572 2057 1629; baseline 0.001 -15"><span class='ocrx_word' id='word_1_140' title='bbox 361 1574 656 1626; x_wconf 72' lang='grc' dir='ltr'><strong><em>ἐπανάγουσιν,</em></strong></span> <span class='ocrx_word' id='word_1_141' title='bbox 708 1573 904 1627; x_wconf 75' lang='grc' dir='ltr'>ἐπίδεσμα</span> <span class='ocrx_word' id='word_1_142' title='bbox 950 1576 1020 1615; x_wconf 84' lang='grc' dir='ltr'>καὶ</span> <span class='ocrx_word' id='word_1_143' title='bbox 1065 1572 1249 1628; x_wconf 83' lang='grc' dir='ltr'><strong><em>σπληνία</em></strong></span> <span class='ocrx_word' id='word_1_144' title='bbox 1294 1577 1362 1615; x_wconf 86' lang='grc' dir='ltr'>καὶ</span> <span class='ocrx_word' id='word_1_145' title='bbox 1408 1576 1569 1629; x_wconf 79' lang='grc' dir='ltr'><strong><em>κράσεις</em></strong></span> <span class='ocrx_word' id='word_1_146' title='bbox 1619 1578 1843 1629; x_wconf 62' lang='grc' dir='ltr'><strong><em>φαρμάκων</em></strong></span> <span class='ocrx_word' id='word_1_147' title='bbox 1890 1574 2057 1628; x_wconf 69' lang='grc' dir='ltr'><strong><em>μακρὰν</em></strong></span> 
     </span>
     <span class='ocr_line' id='line_1_18' title="bbox 361 1638 1984 1701; baseline -0.003 -15"><span class='ocrx_word' id='word_1_148' title='bbox 361 1644 513 1701; x_wconf 73' lang='grc' dir='ltr'><strong><em>χαίρειν</em></strong></span> <span class='ocrx_word' id='word_1_149' title='bbox 542 1645 737 1692; x_wconf 74' lang='grc' dir='ltr'><strong><em>εἷπόντες.</em></strong></span> <span class='ocrx_word' id='word_1_150' title='bbox 1954 1642 1958 1647; x_wconf 77' lang='grc'><em>“</em></span> <span class='ocrx_word' id='word_1_151' title='bbox 1977 1638 1984 1647; x_wconf 84' lang='grc'><strong>’</strong></span> 
     </span>
    </p>

    <p class='ocr_par' dir='ltr' id='par_1_7' title="bbox 365 1714 2063 1912">
     <span class='ocr_line' id='line_1_19' title="bbox 420 1714 2063 1762; baseline 0 -4"><span class='ocrx_word' id='word_1_152' title='bbox 420 1715 655 1760; x_wconf 82' lang='lat' dir='ltr'>validae.</span> <span class='ocrx_word' id='word_1_153' title='bbox 673 1748 684 1759; x_wconf 94' lang='lat'>.</span> <span class='ocrx_word' id='word_1_154' title='bbox 704 1748 715 1759; x_wconf 92' lang='lat'>.</span> <span class='ocrx_word' id='word_1_155' title='bbox 733 1750 743 1759; x_wconf 93' lang='lat'>.</span> <span class='ocrx_word' id='word_1_156' title='bbox 798 1715 1028 1762; x_wconf 85' lang='lat' dir='ltr'>salivae:</span> <span class='ocrx_word' id='word_1_157' title='bbox 1074 1716 1189 1760; x_wconf 91' lang='lat' dir='ltr'>idem</span> <span class='ocrx_word' id='word_1_158' title='bbox 1236 1717 1364 1760; x_wconf 90' lang='lat' dir='ltr'>docet</span> <span class='ocrx_word' id='word_1_159' title='bbox 1408 1717 1463 1761; x_wconf 92' lang='lat' dir='ltr'>de</span> <span class='ocrx_word' id='word_1_160' title='bbox 1504 1716 1694 1760; x_wconf 87' lang='lat' dir='ltr'>humana</span> <span class='ocrx_word' id='word_1_161' title='bbox 1724 1716 1860 1760; x_wconf 87' lang='lat' dir='ltr'>saliva</span> <span class='ocrx_word' id='word_1_162' title='bbox 1891 1714 2063 1759; x_wconf 85' lang='lat' dir='ltr'>Plinius</span> 
     </span>
     <span class='ocr_line' id='line_1_20' title="bbox 368 1785 2061 1842; baseline -0.001 -11"><span class='ocrx_word' id='word_1_163' title='bbox 368 1785 482 1831; x_wconf 87' lang='lat' dir='ltr'>Hist.</span> <span class='ocrx_word' id='word_1_164' title='bbox 519 1785 619 1830; x_wconf 86' lang='lat' dir='ltr'>Nat.</span> <span class='ocrx_word' id='word_1_165' title='bbox 652 1785 856 1842; x_wconf 90' lang='lat' dir='ltr'>XXVIII,</span> <span class='ocrx_word' id='word_1_166' title='bbox 887 1786 946 1830; x_wconf 87' lang='grc'>35</span> <span class='ocrx_word' id='word_1_167' title='bbox 977 1786 1212 1831; x_wconf 83' lang='lat' dir='ltr'>hominum</span> <span class='ocrx_word' id='word_1_168' title='bbox 1241 1798 1348 1831; x_wconf 85' lang='lat' dir='ltr'>vero</span> <span class='ocrx_word' id='word_1_169' title='bbox 1385 1787 1616 1842; x_wconf 85' lang='lat' dir='ltr'>inprimis</span> <span class='ocrx_word' id='word_1_170' title='bbox 1637 1787 1840 1831; x_wconf 81' lang='lat' dir='ltr'>ieiunam</span> <span class='ocrx_word' id='word_1_171' title='bbox 1859 1786 2061 1830; x_wconf 85' lang='lat' dir='ltr'>salivam</span> 
     </span>
     <span class='ocr_line' id='line_1_21' title="bbox 365 1857 1468 1912; baseline 0 -10"><span class='ocrx_word' id='word_1_172' title='bbox 365 1860 523 1902; x_wconf 83' lang='lat' dir='ltr'>contra</span> <span class='ocrx_word' id='word_1_173' title='bbox 550 1860 786 1912; x_wconf 83' lang='lat' dir='ltr'>serpentes</span> <span class='ocrx_word' id='word_1_174' title='bbox 811 1857 1049 1912; x_wconf 83' lang='lat' dir='ltr'>praesidio</span> <span class='ocrx_word' id='word_1_175' title='bbox 1080 1869 1183 1901; x_wconf 88' lang='lat' dir='ltr'>esse</span> <span class='ocrx_word' id='word_1_176' title='bbox 1214 1858 1468 1902; x_wconf 53' lang='lat' dir='ltr'>docuimus</span> 
     </span>
    </p>

    <p class='ocr_par' dir='ltr' id='par_1_8' title="bbox 423 1927 1311 1984">
     <span class='ocr_line' id='line_1_22' title="bbox 423 1927 1311 1984; baseline 0.002 -14"><span class='ocrx_word' id='word_1_177' title='bbox 423 1927 659 1973; x_wconf 81' lang='lat' dir='ltr'>validae:</span> <span class='ocrx_word' id='word_1_178' title='bbox 690 1939 803 1984; x_wconf 85' lang='lat' dir='ltr'>quae</span> <span class='ocrx_word' id='word_1_179' title='bbox 833 1927 962 1972; x_wconf 89' lang='lat' dir='ltr'>habet</span> <span class='ocrx_word' id='word_1_180' title='bbox 995 1929 1084 1972; x_wconf 90' lang='lat' dir='ltr'>vim</span> <span class='ocrx_word' id='word_1_181' title='bbox 1115 1929 1311 1972; x_wconf 88' lang='lat' dir='ltr'>sanandi.</span> 
     </span>
    </p>
   </div>
   <div class='ocr_carea' id='block_1_7' title="bbox 891 2044 1530 2090">
    <p class='ocr_par' dir='ltr' id='par_1_9' title="bbox 891 2044 1530 2090">
     <span class='ocr_line' id='line_1_23' title="bbox 891 2044 1530 2090; baseline 0.003 -2"><span class='ocrx_word' id='word_1_182' title='bbox 891 2044 965 2090; x_wconf 86' lang='lat' dir='ltr'>De</span> <span class='ocrx_word' id='word_1_183' title='bbox 997 2048 1305 2090; x_wconf 86' lang='lat' dir='ltr'>morborum</span> <span class='ocrx_word' id='word_1_184' title='bbox 1336 2045 1530 2090; x_wconf 85' lang='lat' dir='ltr'>causis.</span> 
     </span>
    </p>
   </div>
   <div class='ocr_carea' id='block_1_8' title="bbox 367 2163 2067 2998">
    <p class='ocr_par' dir='ltr' id='par_1_10' title="bbox 367 2163 2066 2293">
     <span class='ocr_line' id='line_1_24' title="bbox 424 2163 2066 2219; baseline 0.001 -12"><span class='ocrx_word' id='word_1_185' title='bbox 424 2163 526 2208; x_wconf 83' lang='lat'><strong>366.</strong></span> <span class='ocrx_word' id='word_1_186' title='bbox 560 2163 870 2208; x_wconf 80' lang='lat' dir='ltr'>Difficillimum</span> <span class='ocrx_word' id='word_1_187' title='bbox 901 2173 1046 2208; x_wconf 86' lang='lat' dir='ltr'>tamen</span> <span class='ocrx_word' id='word_1_188' title='bbox 1077 2174 1143 2208; x_wconf 90' lang='lat' dir='ltr'>est</span> <span class='ocrx_word' id='word_1_189' title='bbox 1174 2165 1378 2209; x_wconf 89' lang='lat' dir='ltr'><em>morbum</em></span> <span class='ocrx_word' id='word_1_190' title='bbox 1409 2175 1580 2219; x_wconf 88' lang='lat' dir='ltr'>sanare,</span> <span class='ocrx_word' id='word_1_191' title='bbox 1609 2165 1647 2207; x_wconf 92' lang='lat' dir='ltr'>si</span> <span class='ocrx_word' id='word_1_192' title='bbox 1671 2174 1804 2208; x_wconf 89' lang='lat' dir='ltr'>causa</span> <span class='ocrx_word' id='word_1_193' title='bbox 1825 2164 1925 2209; x_wconf 86' lang='lat' dir='ltr'>latet</span> <span class='ocrx_word' id='word_1_194' title='bbox 1943 2174 2066 2208; x_wconf 83' lang='lat' dir='ltr'>sero-</span> 
     </span>
     <span class='ocr_line' id='line_1_25' title="bbox 367 2235 1060 2293; baseline 0.001 -14"><span class='ocrx_word' id='word_1_195' title='bbox 367 2247 453 2293; x_wconf 91' lang='lat' dir='ltr'>que</span> <span class='ocrx_word' id='word_1_196' title='bbox 483 2235 698 2279; x_wconf 87' lang='lat' dir='ltr'>medicina</span> <span class='ocrx_word' id='word_1_197' title='bbox 728 2236 873 2291; x_wconf 88' lang='lat' dir='ltr'>parari</span> <span class='ocrx_word' id='word_1_198' title='bbox 904 2244 1060 2291; x_wconf 88' lang='lat' dir='ltr'>potest.</span> 
     </span>
    </p>

    <p class='ocr_par' dir='ltr' id='par_1_11' title="bbox 368 2303 2067 2998">
     <span class='ocr_line' id='line_1_26' title="bbox 427 2303 2062 2362; baseline -0.001 -12"><span class='ocrx_word' id='word_1_199' title='bbox 427 2304 567 2350; x_wconf 87' lang='lat' dir='ltr'>curis</span> <span class='ocrx_word' id='word_1_200' title='bbox 597 2304 757 2349; x_wconf 89' lang='lat' dir='ltr'>altior</span> <span class='ocrx_word' id='word_1_201' title='bbox 785 2305 914 2350; x_wconf 90' lang='lat' dir='ltr'>illis:</span> <span class='ocrx_word' id='word_1_202' title='bbox 945 2307 988 2349; x_wconf 89' lang='lat' dir='ltr'>in</span> <span class='ocrx_word' id='word_1_203' title='bbox 1021 2306 1172 2350; x_wconf 89' lang='lat' dir='ltr'>codice</span> <span class='ocrx_word' id='word_1_204' title='bbox 1202 2305 1241 2350; x_wconf 83' lang='lat' dir='ltr'><strong>A</strong></span> <span class='ocrx_word' id='word_1_205' title='bbox 1273 2306 1429 2362; x_wconf 88' lang='lat' dir='ltr'>legitur</span> <span class='ocrx_word' id='word_1_206' title='bbox 1459 2316 1594 2348; x_wconf 83' lang='lat' dir='ltr'>caras</span> <span class='ocrx_word' id='word_1_207' title='bbox 1613 2304 1755 2349; x_wconf 84' lang='lat' dir='ltr'>altior</span> <span class='ocrx_word' id='word_1_208' title='bbox 1772 2303 1880 2360; x_wconf 82' lang='lat' dir='ltr'>illis,</span> <span class='ocrx_word' id='word_1_209' title='bbox 1902 2303 2062 2348; x_wconf 83' lang='lat' dir='ltr'>Pithou</span> 
     </span>
     <span class='ocr_line' id='line_1_27' title="bbox 368 2374 2067 2433; baseline -0.001 -12"><span class='ocrx_word' id='word_1_210' title='bbox 368 2387 478 2421; x_wconf 81' lang='lat' dir='ltr'>cura</span> <span class='ocrx_word' id='word_1_211' title='bbox 507 2379 578 2420; x_wconf 88' lang='lat' dir='ltr'>est</span> <span class='ocrx_word' id='word_1_212' title='bbox 598 2377 794 2430; x_wconf 85' lang='lat' dir='ltr'>coniecit,</span> <span class='ocrx_word' id='word_1_213' title='bbox 819 2376 938 2432; x_wconf 90' lang='lat' dir='ltr'>quod</span> <span class='ocrx_word' id='word_1_214' title='bbox 961 2375 1161 2421; x_wconf 90' lang='lat' dir='ltr'>Sternius</span> <span class='ocrx_word' id='word_1_215' title='bbox 1183 2377 1334 2433; x_wconf 88' lang='lat' dir='ltr'>recipit</span> <span class='ocrx_word' id='word_1_216' title='bbox 1355 2377 1418 2420; x_wconf 91' lang='lat' dir='ltr'>sic</span> <span class='ocrx_word' id='word_1_217' title='bbox 1438 2377 1751 2433; x_wconf 89' lang='lat' dir='ltr'>interpretans:</span> <span class='ocrx_word' id='word_1_218' title='bbox 1773 2386 1908 2429; x_wconf 85' lang='lat' dir='ltr'>„cara</span> <span class='ocrx_word' id='word_1_219' title='bbox 1926 2374 2067 2419; x_wconf 80' lang='lat' dir='ltr'>altior</span> 
     </span>
     <span class='ocr_line' id='line_1_28' title="bbox 369 2446 2065 2504; baseline -0.001 -13"><span class='ocrx_word' id='word_1_220' title='bbox 369 2457 434 2492; x_wconf 89' lang='lat' dir='ltr'>est</span> <span class='ocrx_word' id='word_1_221' title='bbox 479 2446 726 2503; x_wconf 83' lang='lat' dir='ltr'>diligentior</span> <span class='ocrx_word' id='word_1_222' title='bbox 764 2449 922 2491; x_wconf 86' lang='lat' dir='ltr'>ceteris</span> <span class='ocrx_word' id='word_1_223' title='bbox 961 2459 1073 2504; x_wconf 89' lang='lat' dir='ltr'>quae</span> <span class='ocrx_word' id='word_1_224' title='bbox 1114 2457 1312 2492; x_wconf 85' lang='lat' dir='ltr'>naturam</span> <span class='ocrx_word' id='word_1_225' title='bbox 1354 2448 1496 2491; x_wconf 85' lang='lat' dir='ltr'>morbi</span> <span class='ocrx_word' id='word_1_226' title='bbox 1527 2447 1700 2503; x_wconf 90' lang='lat' dir='ltr'>penitus</span> <span class='ocrx_word' id='word_1_227' title='bbox 1729 2447 1991 2503; x_wconf 83' lang='lat' dir='ltr'>investigare</span> <span class='ocrx_word' id='word_1_228' title='bbox 2020 2454 2065 2489; x_wconf 91' lang='lat' dir='ltr'>et</span> 
     </span>
     <span class='ocr_line' id='line_1_29' title="bbox 369 2515 2062 2575; baseline -0.002 -13"><span class='ocrx_word' id='word_1_229' title='bbox 369 2519 494 2575; x_wconf 87' lang='lat' dir='ltr'>quasi</span> <span class='ocrx_word' id='word_1_230' title='bbox 523 2526 754 2574; x_wconf 83' lang='lat' dir='ltr'>penetrare</span> <span class='ocrx_word' id='word_1_231' title='bbox 783 2518 953 2573; x_wconf 86' lang='lat' dir='ltr'>debeat,</span> <span class='ocrx_word' id='word_1_232' title='bbox 984 2518 1076 2561; x_wconf 81' lang='lat' dir='ltr'>illis</span> <span class='ocrx_word' id='word_1_233' title='bbox 1106 2530 1168 2562; x_wconf 88' lang='lat' dir='ltr'>sc.</span> <span class='ocrx_word' id='word_1_234' title='bbox 1200 2518 1496 2562; x_wconf 86' lang='lat' dir='ltr'>curationibus</span> <span class='ocrx_word' id='word_1_235' title='bbox 1526 2518 1582 2562; x_wconf 92' lang='lat' dir='ltr'>de</span> <span class='ocrx_word' id='word_1_236' title='bbox 1612 2517 1770 2574; x_wconf 89' lang='lat' dir='ltr'>quibus</span> <span class='ocrx_word' id='word_1_237' title='bbox 1800 2525 1900 2562; x_wconf 91' lang='lat' dir='ltr'>ante</span> <span class='ocrx_word' id='word_1_238' title='bbox 1928 2515 2062 2560; x_wconf 90' lang='lat' dir='ltr'>dixi”.</span> 
     </span>
     <span class='ocr_line' id='line_1_30' title="bbox 375 2585 2064 2645; baseline -0.002 -13"><span class='ocrx_word' id='word_1_239' title='bbox 375 2587 505 2632; x_wconf 87' lang='lat' dir='ltr'>Hanc</span> <span class='ocrx_word' id='word_1_240' title='bbox 535 2597 681 2632; x_wconf 88' lang='lat' dir='ltr'>tamen</span> <span class='ocrx_word' id='word_1_241' title='bbox 713 2589 802 2631; x_wconf 91' lang='lat' dir='ltr'>vim</span> <span class='ocrx_word' id='word_1_242' title='bbox 818 2589 863 2632; x_wconf 90' lang='lat' dir='ltr'>in</span> <span class='ocrx_word' id='word_1_243' title='bbox 879 2589 1093 2633; x_wconf 89' lang='lat' dir='ltr'>adiectivo</span> <span class='ocrx_word' id='word_1_244' title='bbox 1115 2588 1256 2632; x_wconf 82' lang='lat' dir='ltr'>altior</span> <span class='ocrx_word' id='word_1_245' title='bbox 1282 2590 1426 2633; x_wconf 90' lang='lat' dir='ltr'>inesse</span> <span class='ocrx_word' id='word_1_246' title='bbox 1443 2599 1571 2645; x_wconf 88' lang='lat' dir='ltr'>nego,</span> <span class='ocrx_word' id='word_1_247' title='bbox 1588 2587 1876 2644; x_wconf 89' lang='lat' dir='ltr'>quamobrem</span> <span class='ocrx_word' id='word_1_248' title='bbox 1893 2585 2064 2631; x_wconf 87' lang='lat' dir='ltr'>Pithoei</span> 
     </span>
     <span class='ocr_line' id='line_1_31' title="bbox 370 2656 2067 2713; baseline -0.002 -9"><span class='ocrx_word' id='word_1_249' title='bbox 370 2660 620 2704; x_wconf 86' lang='lat' dir='ltr'>coniectura</span> <span class='ocrx_word' id='word_1_250' title='bbox 664 2658 770 2702; x_wconf 88' lang='lat' dir='ltr'>nihil</span> <span class='ocrx_word' id='word_1_251' title='bbox 814 2658 1075 2703; x_wconf 85' lang='lat' dir='ltr'>adiuvamur</span> <span class='ocrx_word' id='word_1_252' title='bbox 1097 2660 1158 2713; x_wconf 85' lang='lat'>1);</span> <span class='ocrx_word' id='word_1_253' title='bbox 1205 2671 1305 2703; x_wconf 88' lang='lat' dir='ltr'>cum</span> <span class='ocrx_word' id='word_1_254' title='bbox 1353 2658 1485 2703; x_wconf 91' lang='lat' dir='ltr'>Vlitio</span> <span class='ocrx_word' id='word_1_255' title='bbox 1525 2657 1804 2703; x_wconf 85' lang='lat' dir='ltr'>scribendum</span> <span class='ocrx_word' id='word_1_256' title='bbox 1845 2666 1912 2702; x_wconf 91' lang='lat' dir='ltr'>est</span> <span class='ocrx_word' id='word_1_257' title='bbox 1941 2656 2067 2701; x_wconf 82' lang='lat' dir='ltr'>caris</span> 
     </span>
     <span class='ocr_line' id='line_1_32' title="bbox 371 2727 2064 2785; baseline -0.002 -11"><span class='ocrx_word' id='word_1_258' title='bbox 371 2729 511 2774; x_wconf 88' lang='lat' dir='ltr'>altior</span> <span class='ocrx_word' id='word_1_259' title='bbox 543 2728 650 2781; x_wconf 74' lang='lat' dir='ltr'>illiS,</span> <span class='ocrx_word' id='word_1_260' title='bbox 681 2729 800 2785; x_wconf 89' lang='lat' dir='ltr'>quod</span> <span class='ocrx_word' id='word_1_261' title='bbox 830 2730 894 2773; x_wconf 89' lang='lat' dir='ltr'>sic</span> <span class='ocrx_word' id='word_1_262' title='bbox 925 2738 1095 2773; x_wconf 86' lang='lat' dir='ltr'>vertam</span> <span class='ocrx_word' id='word_1_263' title='bbox 1131 2730 1276 2782; x_wconf 79' lang='lat' dir='ltr'>,labes</span> <span class='ocrx_word' id='word_1_264' title='bbox 1307 2730 1377 2773; x_wconf 89' lang='lat' dir='ltr'>illa</span> <span class='ocrx_word' id='word_1_265' title='bbox 1408 2728 1548 2773; x_wconf 87' lang='lat' dir='ltr'>nimis</span> <span class='ocrx_word' id='word_1_266' title='bbox 1577 2729 1702 2782; x_wconf 82' lang='lat' dir='ltr'>latet,</span> <span class='ocrx_word' id='word_1_267' title='bbox 1734 2739 1872 2783; x_wconf 84' lang='lat' dir='ltr'>quam</span> <span class='ocrx_word' id='word_1_268' title='bbox 1904 2730 1953 2771; x_wconf 84' lang='lat' dir='ltr'>at</span> <span class='ocrx_word' id='word_1_269' title='bbox 1982 2727 2064 2771; x_wconf 90' lang='lat' dir='ltr'>illis</span> 
     </span>
     <span class='ocr_line' id='line_1_33' title="bbox 373 2796 2064 2856; baseline -0.002 -11"><span class='ocrx_word' id='word_1_270' title='bbox 373 2801 612 2855; x_wconf 88' lang='lat' dir='ltr'>medicinis,</span> <span class='ocrx_word' id='word_1_271' title='bbox 658 2812 767 2856; x_wconf 89' lang='lat' dir='ltr'>quas</span> <span class='ocrx_word' id='word_1_272' title='bbox 812 2799 947 2844; x_wconf 90' lang='lat' dir='ltr'>modo</span> <span class='ocrx_word' id='word_1_273' title='bbox 987 2801 1226 2854; x_wconf 90' lang='lat' dir='ltr'>nominavi,</span> <span class='ocrx_word' id='word_1_274' title='bbox 1258 2802 1401 2844; x_wconf 89' lang='lat' dir='ltr'>curari</span> <span class='ocrx_word' id='word_1_275' title='bbox 1433 2809 1562 2856; x_wconf 86' lang='lat' dir='ltr'>atque</span> <span class='ocrx_word' id='word_1_276' title='bbox 1591 2798 1948 2855; x_wconf 79' lang='lat' dir='ltr'>sanari-possit.&#39;&#39;</span> <span class='ocrx_word' id='word_1_277' title='bbox 1989 2796 2064 2842; x_wconf 90' lang='lat' dir='ltr'>Sic</span> 
     </span>
     <span class='ocr_line' id='line_1_34' title="bbox 373 2867 2067 2927; baseline -0.003 -11"><span class='ocrx_word' id='word_1_278' title='bbox 373 2871 589 2916; x_wconf 88' lang='lat' dir='ltr'>vertendo</span> <span class='ocrx_word' id='word_1_279' title='bbox 621 2870 880 2915; x_wconf 87' lang='lat' dir='ltr'>Baehrensii</span> <span class='ocrx_word' id='word_1_280' title='bbox 911 2872 1162 2915; x_wconf 89' lang='lat' dir='ltr'>coniectura</span> <span class='ocrx_word' id='word_1_281' title='bbox 1193 2872 1265 2927; x_wconf 90' lang='lat' dir='ltr'>qui</span> <span class='ocrx_word' id='word_1_282' title='bbox 1298 2883 1379 2927; x_wconf 88' lang='lat' dir='ltr'>pro</span> <span class='ocrx_word' id='word_1_283' title='bbox 1411 2870 1506 2914; x_wconf 89' lang='lat' dir='ltr'>illis</span> <span class='ocrx_word' id='word_1_284' title='bbox 1534 2870 1729 2914; x_wconf 89' lang='lat' dir='ltr'>scribere</span> <span class='ocrx_word' id='word_1_285' title='bbox 1760 2869 1932 2914; x_wconf 87' lang='lat' dir='ltr'>volebat</span> <span class='ocrx_word' id='word_1_286' title='bbox 1958 2867 2067 2912; x_wconf 82' lang='lat' dir='ltr'>allis</span> 
     </span>
     <span class='ocr_line' id='line_1_35' title="bbox 374 2941 1418 2998; baseline -0.002 -12"><span class='ocrx_word' id='word_1_287' title='bbox 374 2943 415 2996; x_wconf 91' lang='lat' dir='ltr'>(a</span> <span class='ocrx_word' id='word_1_288' title='bbox 448 2941 672 2998; x_wconf 85' lang='lat' dir='ltr'>Postgatio</span> <span class='ocrx_word' id='word_1_289' title='bbox 704 2942 952 2998; x_wconf 86' lang='lat' dir='ltr'>probatum)</span> <span class='ocrx_word' id='word_1_290' title='bbox 984 2952 1135 2985; x_wconf 88' lang='lat' dir='ltr'>carere</span> <span class='ocrx_word' id='word_1_291' title='bbox 1166 2953 1418 2997; x_wconf 89' lang='lat' dir='ltr'>possumus.</span> 
     </span>
    </p>
   </div>
   <div class='ocr_carea' id='block_1_9' title="bbox 380 3026 662 3032">
    <p class='ocr_par' dir='ltr' id='par_1_12' title="bbox 380 3026 662 3032">
     <span class='ocr_line' id='line_1_36' title="bbox 380 3026 662 3032; baseline 0 0"><span class='ocrx_word' id='word_1_292' title='bbox 380 3026 662 3032; x_wconf 95' lang='lat' dir='ltr'> </span> 
     </span>
    </p>
   </div>
   <div class='ocr_carea' id='block_1_10' title="bbox 371 3043 2067 3148">
    <p class='ocr_par' dir='ltr' id='par_1_13' title="bbox 371 3043 2067 3148">
     <span class='ocr_line' id='line_1_37' title="bbox 418 3043 2067 3093; baseline -0.004 -9"><span class='ocrx_word' id='word_1_293' title='bbox 418 3047 447 3093; x_wconf 86' lang='lat'>¹)</span> <span class='ocrx_word' id='word_1_294' title='bbox 474 3048 559 3083; x_wconf 90' lang='lat' dir='ltr'>Non</span> <span class='ocrx_word' id='word_1_295' title='bbox 591 3048 722 3084; x_wconf 85' lang='lat' dir='ltr'>melior</span> <span class='ocrx_word' id='word_1_296' title='bbox 747 3046 991 3082; x_wconf 84' lang='lat' dir='ltr'>Wernsdorfli</span> <span class='ocrx_word' id='word_1_297' title='bbox 1016 3047 1272 3090; x_wconf 85' lang='lat' dir='ltr'>interpretatio</span> <span class='ocrx_word' id='word_1_298' title='bbox 1296 3053 1333 3084; x_wconf 86' lang='lat' dir='ltr'>et</span> <span class='ocrx_word' id='word_1_299' title='bbox 1357 3058 1449 3084; x_wconf 84' lang='lat' dir='ltr'>cara</span> <span class='ocrx_word' id='word_1_300' title='bbox 1473 3047 1555 3082; x_wconf 87' lang='lat' dir='ltr'>eius</span> <span class='ocrx_word' id='word_1_301' title='bbox 1579 3046 1674 3081; x_wconf 87' lang='lat' dir='ltr'>labis</span> <span class='ocrx_word' id='word_1_302' title='bbox 1699 3050 1756 3082; x_wconf 79' lang='lat' dir='ltr'>est</span> <span class='ocrx_word' id='word_1_303' title='bbox 1780 3045 1903 3088; x_wconf 81' lang='lat' dir='ltr'>altior,</span> <span class='ocrx_word' id='word_1_304' title='bbox 1915 3043 2067 3088; x_wconf 81' lang='lat' dir='ltr'>gravior</span> 
     </span>
     <span class='ocr_line' id='line_1_38' title="bbox 371 3105 1529 3148; baseline -0.003 -6"><span class='ocrx_word' id='word_1_305' title='bbox 371 3113 407 3142; x_wconf 88' lang='lat' dir='ltr'>et</span> <span class='ocrx_word' id='word_1_306' title='bbox 431 3106 617 3142; x_wconf 78' lang='lat' dir='ltr'>difficilior</span> <span class='ocrx_word' id='word_1_307' title='bbox 642 3106 715 3141; x_wconf 81' lang='lat' dir='ltr'>illis</span> <span class='ocrx_word' id='word_1_308' title='bbox 739 3115 792 3141; x_wconf 92' lang='lat' dir='ltr'>sc.</span> <span class='ocrx_word' id='word_1_309' title='bbox 818 3105 1073 3141; x_wconf 82' lang='lat' dir='ltr'>curationibus</span> <span class='ocrx_word' id='word_1_310' title='bbox 1097 3105 1143 3140; x_wconf 89' lang='lat' dir='ltr'>de</span> <span class='ocrx_word' id='word_1_311' title='bbox 1168 3106 1307 3148; x_wconf 88' lang='lat' dir='ltr'>quibus</span> <span class='ocrx_word' id='word_1_312' title='bbox 1332 3111 1419 3141; x_wconf 82' lang='lat' dir='ltr'>ante</span> <span class='ocrx_word' id='word_1_313' title='bbox 1444 3105 1529 3141; x_wconf 88' lang='lat' dir='ltr'>dixi.</span> 
     </span>
    </p>
   </div>
   <div class='ocr_carea' id='block_1_11' title="bbox 2183 336 2210 547">
    <p class='ocr_par' dir='ltr' id='par_1_14' title="bbox 2183 336 2210 562">
     <span class='ocr_line' id='line_1_39' title="bbox 2183 336 2210 547; baseline 0 0"><span class='ocrx_word' id='word_1_314' title='bbox 2183 336 2210 547; x_wconf 67' lang='lat' dir='ltr'><strong>l</strong></span> 
     </span>
    </p>
   </div>
  </div>
 </body>
</html>
