2210 3568
1165 257 1246 302 120

357 397 502 442 vexet,
528 400 646 441 cura,
679 396 724 430 ut
755 386 927 443 pluvias
949 396 1191 444 ventosque
1213 388 1359 432 vitent.
1386 386 1630 444 Complura
1652 398 1826 434 exstant
1851 391 2054 448 exempla

358 459 482 504 verbi
513 457 698 514 differre
727 469 828 501 cum
859 469 949 501 acc.
982 470 1212 514 personae,
1243 458 1297 502 cf.
1318 457 1504 502 Martial.
1531 457 1648 503 XIII.
1666 459 1724 503 55
1739 459 1822 503 sed
1831 455 2055 516 propera,

293 530 296 532 ’
355 538 488 587 caros
518 539 599 572 nec
629 526 770 584 differ
796 527 987 572 amicos,

411 668 510 713 421.
543 668 619 713 sic
650 668 847 724 magis:
878 668 987 713 haec
1017 678 1083 713 est
1113 669 1241 714 lectio
1271 670 1435 714 codicis
1466 669 1521 725 Α,
1553 682 1667 727 quae
1692 670 1867 715 defendi
1890 672 2057 729 nequit,

355 739 603 796 Postgatius
634 751 717 796 pro
745 738 814 784 sic
843 741 1026 784 coniecit
1054 742 1190 794 stent,
1223 739 1416 784 Schenkl
1450 740 1604 806 melius
1633 740 1733 795 duc,
1756 741 1874 797 quod
1895 741 2057 787 ductus

354 810 578 855 literarum
611 812 795 867 propius
825 811 1032 866 sequitur.

411 882 492 925 ut:
525 880 724 926 Vollmer
753 881 953 925 adnotat:
987 883 1036 924 ut
1065 883 1134 925 i.e.
1164 881 1384 934 simulac‚·
1413 894 1497 938 ego
1528 883 1674 926 malim
1692 886 1813 926 ut=
1832 881 1921 937 abi,
1941 860 2059 937 ,duc

352 953 496 1009 potius
526 959 630 1001 <eo>
659 953 753 996 ubi.
773 986 783 995 .
802 985 813 994 .
832 953 894 1006 .”,
927 951 979 996 cf.
1014 952 1153 996 Plaut.
1187 952 1348 996 Bacch.
1382 951 1469 996 815
1501 953 1550 997 ἰη
1580 964 1717 1008 eopse
1732 951 1865 996 astas
1885 951 2056 1009 lapide,

354 1025 404 1067 ut
428 1035 597 1078 praeco
622 1021 861 1078 praedicat
869 1035 885 1075 ;
928 1021 1085 1066 Catull.
1125 1023 1189 1067 ll.
1220 1022 1300 1077 2s3
1328 1022 1428 1067 sive
1459 1023 1507 1067 in
1538 1026 1765 1068 extremos
1790 1023 2049 1079 penetrabit

353 1093 493 1138 Indos
536 1097 556 1148 s
595 1093 707 1137 litus
753 1097 802 1137 ut
845 1094 978 1148 longe
1019 1096 1264 1137 resonante
1310 1093 1409 1137 an
1450 1097 1470 1148 s
1501 1093 1710 1137 tunditur
1737 1094 1877 1147 unda,
1910 1093 2050 1152 Verg.

352 1165 464 1209 Aen.
498 1163 555 1208 V.
585 1163 673 1208 329
702 1163 870 1208 labitur
899 1167 948 1207 ut
969 1162 1099 1220 forte
1133 1165 1344 1221 (sanguis)
1369 1164 1556 1208 humum
1570 1176 1712 1220 super
1723 1163 2044 1221 madefecerat.

411 1305 510 1350 421.
544 1305 749 1349 nudis..
771 1337 781 1349 .
801 1337 812 1349 .
860 1304 1116 1349 vallibus:
1148 1305 1202 1349 cf.
1237 1303 1329 1349 Ov.
1361 1303 1493 1349 Trist.
1527 1304 1602 1349 111.
1637 1306 1761 1350 11.75
1781 1306 1932 1350 nudos
1945 1306 2056 1352 sirie

344 1375 531 1433 fronde,
560 1376 664 1420 sine
694 1376 853 1420 arbore
882 1386 1086 1431 campos.

411 1517 512 1561 422.
560 1529 594 1561 a
639 1518 828 1561 vento:
875 1518 917 1560 in
964 1526 1133 1573 partem
1177 1517 1338 1560 montis
1386 1530 1410 1560 a
1456 1526 1590 1562 vento
1635 1526 1784 1573 tutam,
1826 1518 1881 1563 cf.
1913 1517 2050 1576 Verg.

357 1587 526 1645 Georg.
561 1587 635 1633 111.
666 1587 757 1631 300
787 1600 881 1643 sqq.
908 1590 1018 1642 post
1047 1587 1151 1631 hinc
1180 1587 1418 1642 digressus
1448 1587 1579 1632 iubeo
1599 1586 1872 1644 frondentia
1896 1589 2053 1645 captis

352 1662 371 1712 l
401 1658 565 1703 arbuta
617 1657 848 1715 sufficere,
905 1661 948 1702 et
970 1657 1145 1714 fluvios
1171 1658 1391 1713 praebere
1421 1661 1625 1702 recentes
1636 1671 1651 1712 ;
1681 1667 1699 1712 s
1730 1663 1775 1703 et
1803 1659 1987 1704 stabula
2019 1672 2055 1704 a

351 1729 540 1774 ventis
571 1729 758 1773 hiberno
789 1740 1015 1784 opponere
1045 1728 1135 1772 soli
1164 1732 1184 1783 s
1214 1729 1277 1772 ad
1307 1729 1506 1773 medium
1535 1740 1760 1774 conversa
1789 1730 1925 1775 diem.

410 1870 510 1914 423.
571 1872 863 1926 subeatque
893 1870 1188 1914 latentibus
1218 1871 1373 1926 ultro,
1403 1876 1423 1923 Ι
1453 1882 1589 1926 quae
1613 1869 1756 1915 facta
1778 1873 1862 1916 est
1883 1872 2041 1916 medi-

351 1940 473 1984 cina
517 1941 697 1984 vadis:
743 1942 865 1985 locus
910 1940 1207 1995 difficiIIImus;
1253 1943 1477 1998 quaeritur
1506 1943 1638 1996 enim,
1669 1942 1772 1998 quid
1802 1943 1856 1986 sit
1885 1942 2050 1998 παῖδ’,

352 2011 551 2056 Vollmer
596 2012 801 2068 intelligit,
853 2025 935 2066 „ex
981 2014 1104 2068 aquis
1143 2013 1391 2067 reconditis,
1423 2024 1532 2069 quas
1563 2013 1745 2068 opponit
1775 2022 1904 2069 poeta
1933 2014 2044 2057 mari
2077 2043 2079 2045 -

352 2092 518 2138 aperto,
564 2083 619 2126 de
665 2095 752 2139 quo
795 2085 880 2127 iam
911 2083 1136 2127 locuturus
1167 2083 1275 2127 est'’.
1338 2081 1497 2126 Fateor
1527 2091 1672 2126 tamen
1704 2094 1775 2127 me
1806 2084 2051 2129 nomintel-

350 2152 511 2210 legere,
557 2154 660 2210 quid
708 2155 776 2198 vir
821 2155 975 2197 doctus
1021 2154 1101 2198 sibi
1148 2153 1273 2209 velit3
1311 2166 1443 2210 quam
1475 2154 1749 2207 sententiam,
1781 2155 2051 2210 rogaverim,

351 2224 491 2269 verbo
521 2224 747 2268 subeundi
777 2225 961 2269 tribuit?

409 2294 673 2339 Iohnsonius
703 2296 1089 2352 interpretabatur:
1127 2296 1278 2349 „venis
1309 2307 1421 2352 quae
1451 2304 1552 2339 sunt
1581 2295 1705 2351 quasi
1735 2295 1914 2339 totidem
1945 2307 2047 2339 san-

349 2366 491 2423 guinis
520 2366 634 2410 alvei
664 2365 880 2422 rivique’'.
1264 2423 1267 2425 .

409 2435 498 2481 Sed
529 2437 627 2480 licet
657 2437 756 2480 voci
786 2436 957 2480 vadum
986 2437 1115 2481 talem
1147 2437 1253 2481 dare
1284 2437 1419 2480 vim?

411 2506 530 2552 Cum
575 2516 729 2551 nostro
774 2507 872 2551 Ioco
916 2507 1240 2563 comparandus
1280 2516 1345 2551 est
1378 2519 1533 2552 versus
1565 2506 1645 2550 461
1684 2507 1863 2550 medias
1891 2507 2049 2551 exedit

350 2578 491 2622 noxia
522 2577 682 2634 fibras,
750 2578 958 2631 „Venae”
1002 2579 1140 2634 inquit
1172 2577 1369 2621 Plinibus
1401 2577 1460 2621 N.
1497 2577 1557 2622 H.
1590 2577 1664 2622 XI.
1695 2577 1785 2621 220
1820 2578 1888 2632 „in
1920 2590 2043 2635 prae-

349 2658 502 2693 tenues
549 2657 773 2704 postremo
818 2647 949 2692 fibras
994 2650 1144 2692 subter
1189 2657 1322 2692 totam
1368 2658 1512 2693 cutem
1559 2649 1782 2705 dispersae
1831 2648 1944 2693 adeo
1999 2651 2045 2692 in

350 2728 577 2777 angustam
623 2719 898 2763 subtilitatem
944 2728 1190 2773 tenuantur,
1236 2728 1282 2763 ut
1313 2728 1545 2775 penetrare
1573 2720 1751 2776 sanguis
1783 2731 1871 2764 non
1903 2721 2040 2776 possit

349 2791 522 2835 aliudve
553 2802 682 2846 quam
715 2789 839 2834 exilis
871 2801 1000 2833 umor
1031 2790 1085 2832 ab
1116 2789 1188 2833 illo
1219 2790 1294 2846 qui
1323 2790 1621 2834 cacuminibus
1642 2790 1883 2834 innumeris
1903 2789 2045 2834 sudor>

349 2859 633 2916 appellatur'’.
676 2857 816 2903 Paulo
847 2872 980 2915 supra
1011 2860 1126 2903 idem
1158 2861 1346 2916 scriptor
1376 2859 1484 2904 haec
1514 2859 1666 2903 habet:
1703 2872 1871 2913 „venae
1901 2859 1946 2904 id
1975 2869 2042 2905 est

347 2929 591 2985 sanguinis
619 2928 736 2973 rivi’'
766 2928 902 2987 (218).
968 2928 1167 2994 Grattius
1197 2931 1325 2986 igitur
1345 2928 1587 2986 foramina
1617 2932 1726 2974 cutis
1756 2930 1878 2974 vada
1899 2932 2040 2975 nomi-

347 3013 477 3046 nasse
524 3000 697 3045 videtur
733 3000 920 3044 fortasse
951 3012 1108 3044 vocem
1144 2999 1366 3044 Graecam
1401 3001 1575 3055 ,πόροι”
1608 3000 1697 3055 (the
1728 3013 1860 3057 pores
1891 3000 1942 3045 of
1968 3001 2044 3045 the

347 3070 487 3128 body)
526 3079 717 3124 vertens,
760 3070 813 3115 cf.
848 3070 1016 3114 Platon.
1055 3069 1235 3114 Menon.
1268 3070 1327 3114 76
1360 3069 1415 3114 C.
1479 3069 1552 3115 Sic
1583 3071 1626 3115 in
1661 3070 1874 3115 Chironis
1904 3071 2040 3115 mulo-

348 3141 560 3186 medicina
611 3141 696 3199 (ed.
752 3140 879 3186 Oder
929 3154 970 3197 p.
1026 3140 1097 3184 64.
1152 3140 1198 3198 5)
1244 3142 1428 3199 legimus
1467 3141 1784 3196 praecluditur
1823 3141 2042 3186 stercoris
