2210 3568
1030 205 1087 250 37

257 337 320 384 Ut
365 337 459 384 fere
504 338 681 395 ubique,
720 337 790 382 hic
823 348 1001 394 quoque
1033 348 1197 393 operae
1229 337 1419 393 pretium
1450 346 1516 382 est
1551 336 1670 381 Vlitii
1701 340 1910 383 nostratis

192 410 464 468 sagacissimi
510 409 877 470 commentarium
923 409 1164 464 inspicere:
1209 409 1260 462 is,
1294 418 1529 464 postquam
1560 409 1707 453 citavit
1740 409 1910 454 Manilii

191 481 291 527 libri
322 480 379 527 V.
431 479 515 526 185
550 493 646 538 sqq.
688 480 917 524 ducuntur
946 482 992 523 et
1025 479 1118 534 ipsi
1147 485 1166 532 s
1196 479 1433 524 retibus
1463 483 1510 524 et
1540 480 1761 525 claudunt
1790 493 1910 526 cam·

190 563 279 608 pos
315 550 660 610 formidine
701 550 862 596 mortis
891 557 912 605 s
944 550 1279 607 mendacesque
1315 555 1489 606 parant
1509 550 1685 608 foveas
1714 552 1912 609 laque·

191 635 379 681 osque
437 626 627 668 tenaces
655 625 676 678 l
706 621 1022 678 currentisque
1079 620 1219 678 seras
1281 623 1393 678 ped
1409 623 1634 668 icarum
1691 625 1909 680 compede

58 688 62 697 ’
113 738 119 745 ,
190 698 379 741 nectunt
416 700 436 750 l
475 698 561 739 aut
608 693 803 740 canibus
854 692 1045 750 ferrove
1095 697 1265 738 necant
1310 695 1607 751 praedasque
1656 699 1907 752 reportant,

192 767 375 824 „retia’'‚
419 768 573 824 inquit,
624 765 948 821 „formidinem
995 764 1193 822 laqueOS,
1227 766 1420 822 pedicaS,
1463 779 1611 822 canes,
1643 767 1911 814 ferramenta

192 839 422 884 venatoria
471 837 628 883 eadem
673 838 792 882 serie
838 838 1124 895 prosequitur
1159 835 1375 893 Grattius,
1408 839 1492 883 nisi
1524 840 1644 896 quod
1676 839 1911 885 fovearum

189 910 309 956 nulla
359 910 538 955 mentio.
617 907 721 953 Non
773 917 941 954 temere
987 918 1149 963 tamen,
1197 909 1277 953 sed
1323 908 1391 953 ex‘
1433 907 1594 954 Grattii
1642 920 1789 957 mente
1835 924 1911 957 eas

190 981 356 1027 addidit
403 980 624 1026 Manilius.
689 979 1015 1025 Describuntur
1061 982 1180 1025 enim
1228 980 1297 1025 his
1343 993 1425 1025 sex
1468 983 1674 1027 versibus
1705 983 1811 1027 nulli
1842 983 1911 1028 alii

190 1050 348 1111 laquei,
396 1064 529 1110 quam
575 1051 865 1110 ποδοστράβαι
913 1064 972 1097 ex
1026 1051 1324 1109 Xenophonte
1369 1065 1465 1110 cap.
1502 1052 1544 1097 9.
1575 1054 1650 1108 11;
1678 1054 1913 1110 prioribus

161 1152 163 1154 -
189 1124 339 1170 tribus
393 1124 600 1169 versibus
654 1122 954 1181 ποδοστράβην
999 1123 1151 1169 solam
1199 1124 1407 1168 describit
1457 1122 1673 1181 GrattiuS,
1721 1126 1914 1182 reliquis

190 1196 340 1254 palum
381 1195 507 1244 illum
553 1195 756 1240 adnectit.
821 1194 874 1240 Et
922 1206 1134 1240 curraces
1165 1194 1280 1240 Forte
1315 1197 1492 1241 vocavit
1523 1197 1624 1253 quia
1656 1207 1910 1243 currentem

191 1268 482 1326 sequuntur’'.

252 1338 352 1386 Cur
382 1339 492 1385 haec
522 1338 641 1384 Vlitii
672 1339 825 1396 opinio
857 1338 964 1383 mihi
986 1339 1236 1383 verisimilis
1259 1339 1475 1395 videatur,
1497 1341 1650 1397 paucis
1667 1341 1911 1386 ostendam.

192 1411 309 1458 Ante
347 1412 496 1457 omnia
527 1420 698 1456 certum
730 1420 797 1455 est
829 1410 1061 1455 Manilium
1097 1409 1258 1456 Grattii
1291 1420 1472 1456 carmen
1504 1421 1659 1456 notum
1691 1412 1912 1469 habuisse,

190 1493 234 1529 et
278 1483 458 1542 saepius
503 1481 774 1540 significasse
819 1481 891 1540 (cf.
939 1482 1186 1540 prolegom.
1220 1496 1262 1540 p.
1296 1482 1354 1542 4).
1420 1482 1560 1540 Quod
1591 1484 1629 1528 si
1660 1484 1766 1528 mihi
1807 1496 1914 1529 con-

190 1555 327 1610 cedis,
372 1555 505 1600 etiam
551 1554 637 1599 hoc
683 1554 780 1599 luce
826 1554 986 1598 clarius
1031 1563 1099 1599 est
1132 1553 1364 1598 Manilium
1396 1555 1496 1599 loco
1528 1567 1706 1612 quoque
1737 1555 1914 1600 laudato

194 1637 442 1672 memorem
473 1637 574 1671 esse
603 1637 686 1671 sex
717 1637 875 1671 eorum
908 1637 1136 1681 versuum,
1169 1625 1225 1670 de
1257 1626 1417 1683 quibus
1449 1639 1567 1671 nunc
1597 1639 1762 1672 sermo.

253 1695 348 1754 Qui
389 1695 900 1754 Pseudo-Xenophontis
931 1696 990 1755 (9.
1031 1697 1100 1755 ll)
1130 1705 1206 1752 τῆς
1240 1697 1536 1754 ποδοστράβης
1571 1698 1914 1755 descriptionem

190 1769 308 1828 legit,
355 1768 564 1826 intellegit
601 1767 791 1825 foveaS,
832 1781 942 1826 quas
973 1770 1171 1814 nominat
1205 1769 1429 1824 Maniliae,
1460 1770 1646 1814 scrobes
1675 1769 1769 1814 illas
1800 1782 1914 1825 esse,

190 1853 327 1899 super
348 1852 458 1898 quas
476 1851 675 1885 coronae
696 1850 932 1898 ponantur,
955 1839 1143 1899 (ἱστάναι
1167 1840 1209 1883 δὲ
1232 1843 1311 1890 τὰς
1340 1840 1636 1899 ποδοστράβαις
1658 1839 1873 1885 διελόντ
1887 1857 1915 1882 α

190 1919 288 1967 τῆς
337 1915 435 1966 γῆς’
473 1914 654 1969 βάθος
685 1910 1242 1971 πενταπάλαιστον);
1272 1914 1336 1958 sic
1366 1913 1525 1969 laquei
1555 1922 1656 1957 sunt
1687 1914 1727 1954 οἱ
1755 1914 1913 1971 βρόχοι,

188 1983 384 2040 pedicae
413 1982 702 2041 ποδοστράβαι
735 1985 812 2032 τὰς
843 1985 1053 2036 στεφάνας
1084 1982 1309 2033 εὐκύκλους
1340 1983 1510 2041 ’ἔχουσαι
1542 1986 1612 2026 καὶ
1654 1986 1754 2034 τοὺς
1788 1983 1915 2039 ἥλους

189 2054 376 2106 ἐναλλὰξ
406 2054 599 2111 σιδηροῦς
630 2071 675 2097 τε
710 2057 779 2097 καὶ
811 2054 1005 2105 ξυλίνους
1029 2055 1508 2110 ἐγκαταπεπλεγμένους
1535 2059 1578 2101 ἐν
1600 2065 1662 2114 τῷ
1694 2055 1913 2111 πλοκάμῳ-

197 2127 398 2185 Uterque
438 2128 556 2172 enim
598 2136 641 2172 et
688 2125 890 2172 Grattius
935 2136 977 2172 et
1027 2127 1235 2172 Manilius
1282 2127 1581 2187 ποδοστράβην
1619 2138 1718 2174 ante
1761 2129 1915 2174 oculos

192 2199 370 2255 habent,
397 2211 530 2256 quam
556 2200 697 2256 magis
728 2198 972 2256 significant
1003 2211 1136 2256 quam
1157 2199 1424 2244 describunt.
1450 2200 1610 2258 Neque
1631 2202 1762 2259 igitur
1789 2212 1915 2245 mero

194 2270 318 2316 casui
349 2271 495 2315 tribuo
529 2271 755 2319 Grattium
787 2281 998 2315 curraces
1028 2270 1211 2328 laqueos
1243 2273 1487 2328 nominare,
1511 2272 1743 2317 Manilium
1769 2282 1914 2317 autem

193 2342 415 2387 scribere:
456 2345 780 2398 currentesque
820 2341 938 2387 feras
985 2342 1241 2400 pedicarum
1286 2344 1503 2401 compede
1535 2354 1736 2400 nectunt;
1773 2344 1916 2401 laquei

193 2413 325 2471 igitur
355 2424 567 2458 curraces
606 2414 651 2457 in
693 2425 745 2458 ea
787 2425 837 2458 re
869 2412 1079 2458 differunt
1112 2426 1136 2458 a
1168 2414 1336 2472 laqueis
1369 2415 1640 2474 vulgaribus,
1673 2416 1792 2473 quod
1825 2428 1915 2460 non

194 2493 382 2543 possunt
412 2484 469 2530 de
499 2483 620 2529 ferae
652 2484 767 2542 pede
798 2485 941 2530 delabi
971 2496 1142 2530 corona
1173 2485 1395 2545 (στεφάνη)
1426 2487 1706 2545 impediente.

253 2555 404 2602 Altera
435 2556 738 2614 interpretatio
769 2566 835 2601 est
867 2555 1054 2602 Sternii:
1091 2570 1325 2612 „curraces
1356 2559 1500 2616 laquei
1522 2568 1709 2617 possunt
1726 2571 1826 2604 esse
1842 2560 1916 2616 qui

193 2637 339 2673 terrae
360 2627 519 2686 alligati
539 2627 626 2673 huc
650 2627 750 2673 illuc
772 2628 1070 2674 extenduntur
1086 2639 1129 2675 et
1145 2641 1328 2676 currere
1344 2644 1426 2688 per
1442 2644 1648 2689 campum
1666 2631 1914 2676 videntur”.

154 2722 160 2729 ·
196 2697 350 2756 Quam
367 2712 410 2744 v.
433 2699 476 2743 d.
504 2698 615 2743 Max
639 2697 786 2744 Miller
811 2699 924 2758 (Das
933 2699 1201 2758 Jagdwesen
1219 2702 1299 2747 der
1318 2701 1546 2748 Griechen
1564 2703 1653 2747 und
1673 2702 1855 2757 Romer,
1873 2715 1915 2758 p.

193 2769 272 2829 30)
301 2772 359 2816 ita
391 2770 610 2816 defendit:
648 2770 830 2826 „Sterns
862 2771 1144 2831 Vermutung
1175 2773 1249 2818 hat
1269 2783 1409 2819 etwas
1430 2774 1501 2819 fiir
1523 2774 1630 2819 sich.
1657 2774 1741 2819 Die
1763 2772 1920 2829 laquei

194 2842 395 2888 konnten
427 2843 632 2898 niimlich,
666 2854 796 2887 wenn
828 2844 893 2887 sie
914 2856 1015 2888 zum
1039 2843 1187 2903 Fange
1211 2858 1301 2890 von
1321 2845 1495 2904 V6geln
1514 2847 1735 2891 bestimmt
1752 2856 1917 2899 waren,

196 2913 315 2960 wohl
336 2914 449 2959 auch
471 2914 549 2959 auf
565 2914 667 2959 dem
686 2914 845 2959 Boden
862 2914 1083 2973 hingelegt
1099 2917 1294 2962 werden.
1316 2917 1425 2963 Dies
1441 2917 1666 2975 geschieht
1683 2916 1795 2961 auch
1813 2916 1917 2961 heut

195 2997 250 3030 zu
269 2994 366 3043 tage
383 2997 472 3031 von
491 2986 577 3031 den
595 2984 999 3043 Schlingenlegern.
1019 2986 1129 3034 Eine
1146 2988 1318 3034 Anzahl
1336 3002 1426 3034 von
1445 2988 1666 3034 Schleifen
1679 2988 1769 3032 und
1782 2986 1919 3033 Rosz·

197 3055 332 3102 baare
362 3058 433 3102 ein
464 3056 721 3103 fdrmliches
756 3055 966 3103 Gewirre
998 3059 1175 3105 bildend
1206 3060 1439 3119 (natiirlich
1472 3074 1526 3105 an
1559 3062 1683 3105 einer
1705 3058 1824 3104 Seite
1846 3072 1917 3104 am

200 3125 360 3173 Boden
383 3127 600 3187 befestigt)
631 3129 741 3173 wird
773 3130 885 3174 iiber
915 3130 1000 3175 den
1035 3130 1193 3177 Boden
1228 3133 1529 3190 hingebreitet,
1563 3132 1652 3177 und
1685 3133 1728 3177 in
1751 3132 1917 3177 diesem
